1635 2604
683 189 809 220 BOOK
848 190 910 220 111.
1385 195 1432 222 21

168 297 390 329 cessantem
421 291 560 340 longos
590 297 629 328 et
658 290 965 328 circumflectere
1000 302 1146 336 cursuS,
1369 307 1436 339 430

169 363 288 400 quam
318 351 441 389 semel
474 351 682 388 informem
713 358 822 388 vasto
853 351 997 388 vidisse
1027 350 1100 388 sub
1130 358 1243 389 antro

168 412 337 461 Scyllam
369 421 406 450 et
436 413 624 451 caeruleis
655 412 819 450 canibus
850 413 1072 450 resonantia
1103 425 1205 451 saxa.

167 474 372 513 Praeterea
403 475 434 513 si
465 487 543 524 qua
573 482 630 513 est
663 476 823 513 Heleno
853 476 1060 525 prudentia
1092 476 1179 522 vati,

165 537 195 574 si
228 549 305 587 qua
337 536 448 584 fides,
481 538 659 575 animum
691 538 720 575 si
752 538 850 576 veris
882 539 1003 587 inplet
1033 538 1190 586 Apollo,

168 612 290 637 unum
322 600 417 637 illud
448 599 530 647 tibi,
566 607 656 638 nate
686 601 771 647 dea,
804 613 955 650 proque
985 600 1171 637 omnibus
1202 613 1324 637 unum
1370 617 1433 648 435

167 661 391 710 praedicam
422 669 459 700 et
490 670 672 711 repetens
704 667 925 712 iterumque
956 663 1177 711 iterumque
1207 662 1408 701 monebo:

169 724 334 762 Iunonis
365 736 530 774 magnae
561 726 729 774 primuni
762 739 877 775 prece
908 738 1055 763 numen
1085 725 1216 770 adora,

168 786 313 824 Iunoni
343 798 442 824 cane
472 795 561 826 vota
591 787 718 827 libens
748 789 1033 838 dominamque
1063 793 1266 837 potentem

166 1713 408 1765 supplicibus
438 1726 576 1764 supera
607 1708 844 1760 doni53'sic
874 1714 1046 1763 denique
1076 1715 1198 1752 victor

165 1778 366 1815 Trinacria
396 1778 493 1815 fines
525 1777 645 1814 Italos
676 1777 829 1814 mittere
860 1777 1004 1814 relicta.
1363 1794 1428 1823 440

169 1840 260 1877 Huc
290 1839 356 1877 ubi
387 1839 540 1877 delatus
570 1839 788 1877 Cumaeam
817 1839 1027 1876 accesseris
1057 1837 1194 1877 urbem

164 1902 398 1951 divinosque
429 1902 534 1939 lacus
565 1908 602 1939 et
634 1902 789 1938 Averna
820 1901 999 1938 sonantia
1030 1901 1145 1945 silvis,

166 1964 342 2002 insanam
375 1971 502 2001 vatem
533 1963 740 2012 adspicies,
773 1976 874 2012 quac
905 1976 1000 2012 rupe
1029 1962 1103 2000 sub
1135 1964 1210 2000 ima

166 2027 242 2064 sata
272 2027 376 2064 canit
406 2027 586 2075 foliisque
618 2033 730 2063 notas
762 2033 799 2063 et
831 2026 991 2063 nomina
1023 2025 1194 2062 mandat.

167 2090 454 2138 Quaecumque
485 2089 523 2125 in
554 2088 655 2125 foliis
685 2088 889 2137 descripsit
919 2088 1091 2125 carmina
1122 2088 1238 2136 virgo,
1361 2105 1425 2134 445

166 2151 303 2200 digerit
334 2151 372 2188 in
403 2163 610 2189 numerum
642 2157 760 2199 atque
789 2158 901 2187 antro
932 2151 1082 2188 seclusa
1112 2150 1306 2198 relinquit.

169 2214 240 2251 Illa
269 2220 430 2252 manent
461 2214 610 2250 inmota
640 2213 735 2249 locis
767 2224 894 2261 neque
923 2211 974 2249 al)
1005 2212 1143 2249 ordine
1173 2212 1329 2249 cedunt.

168 2277 314 2314 Verum
345 2276 496 2320 eadem,
529 2287 640 2312 verso
669 2275 797 2312 tenuis
826 2287 915 2310 cum
946 2274 1105 2311 cardine
1136 2282 1273 2311 ventus·

168 2339 307 2387 inpulit
337 2346 373 2375 ct
404 2345 557 2375 teneras
588 2337 754 2374 turbavit
787 2337 900 2373 ianua
931 2337 1101 2382 frondes,
1259 2385 1276 2409 Γ

300 2396 426 2426 (Mai-3)
1271 2403 1277 2408 ·
