1635 2604
233 187 287 224 30
648 170 852 216 V1RG1L's
888 186 1077 217 AENEID.

236 284 339 321 Nam
370 285 485 322 simul
516 287 692 335 expletus
722 287 889 336 dapibus
920 288 1092 336 vinoque
1122 288 1297 336 sepultus
1440 295 1504 334 630

234 347 425 384 cervicem
459 348 640 386 inflexam
672 351 801 398 posuit
831 350 1029 399 iacuitque
1060 363 1128 399 per
1156 358 1311 387 antrum

234 409 436 447 inmensus
467 412 616 449 saniem
648 419 828 449 eructans
859 419 896 450 et
926 412 1046 450 frusta
1076 421 1239 452 cruento

232 483 302 519 per
331 485 515 510 somnum
546 475 759 512 commixta
790 488 909 521 mero,
943 488 1015 513 nos
1046 488 1186 525 magna
1217 476 1361 524 precati

233 534 396 571 numina
426 536 631 585 sortitique
661 537 765 574 vices
796 550 874 574 una
905 538 1081 586 undique
1111 539 1257 575 circum

232 596 443 643 fundimur,
476 605 513 635 et
545 599 623 636 telo
654 599 787 636 lumen
819 600 1060 637 terebramus
1090 608 1207 638 acuto
1309 636 1312 638 ,
1438 609 1500 649 635

232 658 379 707 ingens,
412 661 520 708 quod
553 668 660 698 torva
691 662 818 699 solum
850 662 923 699 sub
956 663 1081 700 fronte
1112 663 1268 701 latebat.

232 723 401 771 Argolici
433 723 546 772 clipei
577 730 643 760 aut
677 724 887 763 Phoebeae
918 726 1109 774 lampadis
1141 727 1269 772 instar,

230 791 267 821 et
298 785 458 822 tandem
491 786 579 823 laeti
610 787 806 824 sociorum
838 789 1061 825 ulciscimur
1091 788 1261 826 umbras.

230 847 308 885 Sed
339 848 468 897 sugite,
502 862 525 886 o
557 850 697 896 miseri,
731 851 850 900 fugite
880 858 998 900 atque
1028 851 1078 889 ab
1109 852 1220 889 litore
1251 852 1383 889 funem

229 910 409 959 rumpite.
1433 922 1499 963 640

231 973 333 1010 Nam
365 974 489 1022 qualis
521 982 772 1024 quantusque
803 989 899 1014 cavo
932 977 1198 1025 Polyphemus
1230 977 1267 1013 in
1299 984 1411 1015 antro

228 1035 418 1085 lanigeras
448 1037 595 1075 claudit
626 1039 799 1087 pecudes
828 1046 947 1088 atque
977 1039 1098 1077 ubera
1128 1046 1286 1088 pressat,

228 1105 387 1135 centum
417 1099 480 1136 alii
512 1112 629 1137 curva
659 1101 756 1139 haec
787 1101 964 1139 habitant
994 1103 1045 1139 ad
1075 1102 1187 1139 litora
1217 1102 1334 1151 vulgo

228 1160 378 1199 infandi
410 1162 616 1211 CyclopeS,
649 1170 685 1201 et
716 1164 802 1202 altis
833 1164 1036 1202 montibus
1067 1172 1204 1202 errant.

227 1223 360 1260 Tertia
390 1224 466 1260 iam
498 1225 614 1262 lunae
645 1239 685 1262 se
716 1239 863 1263 cornua
893 1227 1042 1264 lumine
1072 1227 1284 1275 complent,
1430 1233 1493 1275 645

226 1298 317 1322 cum
347 1286 465 1323 vitam
500 1287 536 1323 in
570 1287 673 1325 silvis
706 1288 804 1326 inter
834 1289 987 1326 deserta
1019 1289 1185 1326 ferarum

226 1348 344 1385 lustra
375 1349 596 1398 domosque
628 1351 749 1396 traho,
783 1359 992 1400 vastosque
1022 1351 1071 1389 ab
1103 1365 1198 1401 rupe
1229 1352 1424 1401 Cyclopas

226 1411 422 1460 prospicio
453 1413 708 1462 sonitumque
738 1414 884 1462 pedum
916 1427 1134 1463 vocemque
1165 1422 1367 1452 tremesco.

225 1474 384 1511 Victum
416 1475 624 1522 infelicem,
660 1476 775 1513 bacas
806 1477 1062 1526 lapidosaque
1092 1490 1225 1524 corna,

224 1535 319 1573 dant
351 1537 456 1583 rami,
489 1544 527 1574 et
558 1538 677 1576 vulsis
708 1546 873 1587 pascunt
904 1539 1101 1577 radicibus
1132 1539 1287 1577 herbae.
1428 1547 1492 1588 650

224 1598 370 1636 Omnia
400 1600 646 1638 conlustrans
677 1601 779 1638 hanc
808 1602 978 1650 primum
1007 1603 1057 1639 ad
1089 1603 1199 1640 litora
1230 1603 1394 1639 classem

223 1666 409 1713 conspexi
442 1667 676 1704 venientem.
739 1668 846 1705 Huic
877 1681 950 1714 me,
983 1681 1257 1717 quaecumque
1288 1669 1433 1713 fuisset,

222 1726 379 1765 addixi:
423 1728 514 1766 satis
545 1736 603 1766 est
632 1736 790 1778 gentem
822 1731 1003 1779 effugisse
1034 1731 1258 1767 nefandam.

225 1790 305 1827 Vos
335 1791 506 1828 animam
539 1792 641 1829 hanc
671 1793 801 1841 potius
833 1805 1087 1842 quocumque
1117 1792 1314 1830 absumite
1344 1794 1424 1831 leto
1441 1795 1458 1810 ''

264 1946 384 1987 Sccz'ng
400 1946 449 1977 the
463 1948 549 1987 linge
570 1947 701 1978 blz'nded
721 1952 864 1978 monster
886 1948 1106 1988 Pobvplzcnms
1127 1948 1257 1989 coming
1276 1952 1305 1978 lo
1328 1949 1416 1979 was-li
1439 1949 1490 1979 lns

220 1991 346 2028 qveball,
365 1991 434 2030 llzey
449 1992 518 2021 tal-'e
535 1991 584 2021 ilie
599 1992 767 2031 snppliant
782 2003 822 2022 ου
840 1993 949 2023 board.
967 1992 1038 2021 (md
1053 2003 1117 2022 low
1131 2003 1224 2031 away
1236 1993 1267 2022 1'11
1282 1993 1379 2024 [πιεῖν.
1418 1993 1486 2023 Bm

220 2033 441 2074 Polyphemus
457 2035 552 2065 [κάν-ς
569 2035 653 2065 illem
671 2036 742 2065 and
755 2036 832 2066 calls
849 2037 900 2066 tlze
915 2037 1005 2066 other
1019 2037 1148 2076 Cyclops
1165 2041 1196 2066 lo
1211 2037 1261 2066 lu's
1277 2036 1358 2076 help.
1404 2036 1433 2066 T
1431 2036 1488 2075 hesy

219 2083 343 2117 appear
364 2082 395 2108 lo
420 2078 470 2108 tlte
492 2079 741 2110 terror—strichen
772 2079 908 2119 Trojans
933 2080 991 2109 like
1014 2091 1034 2109 a
1057 2080 1152 2109 wood
1176 2081 1217 2118 os
1239 2080 1299 2110 tall
1324 2081 1417 2119 pines
1449 2091 1483 2110 or

218 2126 382 2161 cypresses.

273 2220 373 2256 ‘Vix
403 2232 448 2257 ea
479 2221 579 2258 fatus
610 2227 701 2266 erat,
735 2234 891 2259 summo
921 2234 1011 2259 cum
1043 2227 1178 2259 monte
1209 2221 1389 2259 videmus
1420 2227 1482 2268 655

218 2281 347 2330 ipsum
378 2283 478 2320 inter
508 2284 681 2332 pecudes
713 2290 819 2321 vasta
850 2296 891 2321 se
922 2284 1025 2321 mole
1056 2292 1280 2321 moventem

218 2351 414 2394 pastorem
447 2346 747 2395 Polyphemum,
781 2352 819 2383 et
849 2346 960 2383 litora
991 2353 1084 2383 nota
1114 2353 1325 2395 petentem,
