1635 2604
244 181 269 218 6
659 170 867 215 VIRG1L's
902 183 1092 213 AENEID.

245 291 320 327 Vix
352 303 396 328 ea
427 290 527 327 fatus
558 301 687 326 eram:
730 294 896 325 tremere
926 286 1060 324 onmia
1091 286 1172 322 visa
1202 290 1376 334 repente,
1476 299 1520 332 90

244 353 461 401 liminaque
490 353 700 400 laurusque
731 350 805 396 dei,
830 356 1016 399 totusque
1047 347 1194 385 moveri

246 428 361 452 mons
392 415 538 451 circum
569 420 606 450 et
637 413 786 461 mugire
815 412 941 461 adytis
972 411 1122 448 cortina
1153 410 1324 447 reclusis.

247 477 439 514 Submissi
470 476 641 525 petimus
671 481 824 520 terram,
858 480 895 511 et
924 486 999 511 vox
1029 473 1147 511 fertur
1177 472 1227 510 ad
1257 483 1397 509 aures:

249 538 539 576 “Dardanidae
569 537 666 583 duri,
700 549 801 586 quae
831 549 900 573 vos
929 548 951 573 a
981 536 1100 584 stirpe
1130 542 1336 584 parentum

246 602 371 650 prima
400 601 488 638 tulit
518 600 643 647 tellus,
678 599 817 637 eadem
848 611 916 636 vos
948 597 1069 636 ubere
1098 598 1201 635 laeto
1475 611 1517 645 95

245 664 412 712 accipiet
442 663 618 700 reduces,
678 662 894 711 Antiquam
925 661 1114 709 exquirite
1145 650 1321 698 matremss

249 726 329 762 Hic
359 726 503 763 domus
535 726 695 762 Aeneae
725 724 877 762 cunctis
909 723 1176 761 dominabitur
1205 722 1292 769 oris,

247 796 284 825 et
316 789 396 825 nati
427 794 609 826 natorum
640 795 677 826 et
707 788 773 837 qui
805 793 1015 824 nascentur
1044 785 1094 824 ab
1124 785 1232 823 illis?

817 1622 948 1649 Cortina.

248 1716 362 1753 Haec
391 1711 603 1759 Phoebus3
645 1710 848 1758 mixtoque
879 1710 1016 1758 ingens
1046 1717 1179 1748 exorta
1209 1710 1380 1748 tumultu

245 1775 400 1822 laetitia,
433 1782 471 1813 et
501 1774 633 1812 cuncti
664 1785 765 1823 quae
796 1773 873 1810 sint
903 1784 948 1810 ea
978 1773 1136 1810 moenia
1165 1779 1369 1821 quaerunt,
1456 1789 1517 1811 100

246 1853 326 1889 quo
357 1836 545 1876 Phoebus
576 1843 689 1874 vocet
719 1842 891 1873 errantes
922 1834 1136 1883 iubeatque
1166 1835 1314 1872 reverti.

245 1904 349 1939 Tum
380 1902 543 1952 genitor,
576 1905 753 1937 veterum
784 1898 946 1936 volvens
977 1898 1223 1935 monimenta
1253 1898 1433 1945 virorum,

248 1966 440 2010 “Audste,
474 1976 497 2000 O
528 1961 745 2012 proceres‚''
775 1961 828 1998 ait
861 1963 934 1998 “et
964 1972 1053 2009 spes
1083 1961 1223 1998 discite
1253 1968 1408 2000 vestras,

246 2027 361 2065 Creta
392 2027 497 2064 Iovis
529 2025 659 2074 magni
692 2024 826 2061 medio
857 2023 957 2061 iacet
988 2023 1113 2060 insula
1143 2030 1278 2072 ponto,

244 2103 359 2127 mons
391 2090 535 2127 Idaeus
567 2088 633 2125 ubi
665 2095 703 2125 et
732 2086 859 2135 gentis
889 2085 1086 2123 cunabula
1117 2092 1284 2124 nostrae.
1454 2101 1513 2133 105

245 2153 417 2190 Centum
448 2151 565 2188 urbes
595 2150 775 2187 habitant
805 2161 978 2198 magnas,
1011 2147 1206 2186 uberrima
1236 2161 1379 2197 regna3

244 2215 437 2251 maximus
468 2214 575 2251 unde
606 2219 723 2260 pater,
757 2211 788 2249 si
818 2211 890 2248 rite
919 2211 1053 2248 audita
1082 2211 1275 2258 recordor,

243 2278 420 2314 Teucrus
452 2276 652 2313 Rhoeteas
682 2274 854 2323 primum
884 2280 942 2311 est
972 2274 1160 2311 advectus
1190 2274 1229 2310 in
1259 2286 1346 2311 oras

244 2339 471 2388 Optavitque
502 2339 634 2375 locum
665 2349 796 2386 regno.
857 2335 1048 2373 Nondum
1081 2336 1198 2372 Ilium
1229 2343 1267 2373 et
1296 2348 1404 2374 arces
