1635 2604
186 164 235 201 16
597 159 802 204 VIRGIL'S
839 174 1027 205 AENEID.

184 280 275 312 nate
305 274 410 312 dea?
450 273 633 313 vivisne?
675 282 752 322 aut,
785 275 816 313 si
846 276 910 313 lux
941 276 1043 314 alma
1075 276 1244 322 recessit,

186 338 338 375 Hector
368 336 435 375 ubi
466 339 554 375 est?
576 338 594 354 ’³
625 338 732 385 dixit,
765 338 1025 387 lacrimasque
1055 339 1192 377 effudit
1223 344 1261 377 et
1291 350 1453 377 omnem

183 398 345 448 inplevit
374 400 546 438 clamore
576 401 719 438 locum.
780 401 855 438 Vix
886 414 1011 450 pauca
1041 402 1183 439 furenti

182 462 336 500 subicio
366 469 403 501 et
434 464 526 500 raris
557 462 736 502 turbatus
766 463 931 502 vocibus
963 464 1100 502 hisco:

185 525 322 563 “Vivo
352 525 551 575 equidem,
583 526 785 575 vitamque
815 534 988 565 extrema
1017 539 1086 576 per
1115 526 1250 565 omnia
1280 526 1409 574 duc03

182 600 231 625 ne
261 587 411 635 dubita,
446 601 536 625 nam
568 601 657 626 vera
688 589 807 626 vides.
1315 624 1318 625 γ
1390 594 1454 636 316

183 650 276 688 Heu
308 651 395 700 quis
426 658 463 688 te
493 664 606 688 casus
637 651 832 689 deiectam
863 652 1031 701 coniuge
1061 659 1172 690 tanto

181 713 335 762 excipit,
368 720 435 751 aut
467 727 568 763 quae
598 714 717 763 digna
747 714 839 752 satis
869 715 1025 753 fortuna
1057 715 1200 762 revisit,

184 776 370 814 Hectoris
402 777 714 815 Andromache?
746 777 909 827 Pyrrhin
939 777 1112 815 conubia
1142 778 1337 816 servas?''

183 838 337 876 Deiecit
368 839 518 876 vultum
550 847 588 878 et
619 840 791 878 demissa
821 853 918 878 voce
949 840 1080 878 locuta
1111 848 1192 879 est:
1390 855 1452 886 320

182 900 258 939 “O
290 901 379 939 felix
410 915 489 939 una
519 910 610 941 ante
641 903 736 940 alias
768 903 962 941 Priameia
992 903 1110 952 virgo,

180 964 364 1002 hostilem
394 965 445 1002 ad
476 966 672 1003 tumulum
704 966 847 1004 Troiae
878 965 952 1004 sub
984 964 1195 1004 moenibus
1224 965 1312 1004 altis

181 1026 283 1064 iussa
314 1028 423 1074 mori,
457 1041 558 1078 quae
589 1030 747 1066 sortitus
779 1042 859 1067 non
891 1029 1049 1078 pertulit
1079 1030 1181 1067 ullos

180 1102 252 1128 nec
282 1090 441 1128 victoris
471 1091 524 1128 eri
555 1092 680 1141 tetigit
710 1092 864 1141 captiva
894 1091 1048 1129 cubile!

182 1153 266 1190 Nos
297 1153 421 1202 patria
452 1153 613 1191 incensa
644 1154 797 1192 diversa
827 1167 896 1203 per
924 1167 1097 1204 aequora
1127 1161 1263 1192 vectae
1391 1170 1451 1203 325

179 1215 308 1264 stirpis
338 1216 542 1254 Achilleae
572 1217 693 1254 fastus
725 1217 989 1266 iuvenemque
1019 1217 1245 1266 superbum,

179 1278 336 1316 servitio
367 1279 516 1326 enixae,
563 1279 751 1327 tulimus3
781 1280 848 1329 qui
881 1280 1026 1317 deinde
1057 1287 1215 1317 secutus

180 1341 378 1379 Ledaeam
412 1343 661 1380 Hermionen
696 1343 1116 1392 Lacedaemoniosque
1146 1343 1387 1392 hymenaeos

179 1417 244 1443 me
275 1405 423 1443 famulo
454 1405 723 1454 famulamque
755 1406 917 1444 Heleno
948 1406 1162 1443 transmisit
1192 1405 1431 1444 habendam.

178 1468 251 1504 Ast
282 1467 391 1504 illum
423 1475 581 1516 ereptae
612 1481 757 1517 magno
789 1469 1012 1506 flammatus
1042 1481 1177 1506 amore
1387 1484 1452 1515 330

177 1530 355 1579 coniugis
386 1537 424 1568 et
454 1531 646 1568 scelerum
680 1532 805 1569 Furiis
834 1532 1002 1581 agitatus
1032 1532 1194 1570 Orestes

177 1593 321 1642 excipit
351 1593 552 1631 incautum
585 1594 808 1643 patrIasque
840 1594 1050 1632 obtruncat
1081 1595 1132 1633 ad
1161 1607 1259 1633 aras.

179 1657 309 1693 Morte
341 1656 596 1705 Neoptolemi
628 1669 837 1706 regnorum
870 1658 1023 1696 reddita
1052 1658 1168 1695 cessit

177 1731 264 1767 pars
298 1719 469 1766 Heleno,
502 1720 570 1768 qui
602 1720 805 1758 Chaonios
836 1721 1076 1770 cognomine
1105 1733 1268 1769 campos

177 1781 481 1831 Chaoniamque
512 1795 673 1820 omnem
705 1783 879 1821 Troiano
914 1796 937 1820 a
967 1784 1133 1822 Chaone
1163 1783 1270 1829 dixit,
1387 1799 1447 1831 335

177 1845 446 1894 Pergamaque
479 1845 721 1895 Iliacamque
753 1846 851 1895 iugis
881 1846 984 1883 hanc
1012 1846 1165 1884 addidit
1195 1858 1336 1884 arcem.

176 1907 255 1945 Sed
285 1906 355 1945 tibi
386 1907 451 1956 qui
484 1920 642 1946 cursum
673 1909 790 1955 venti,
824 1921 926 1958 quae
956 1908 1033 1946 fata
1065 1908 1244 1946 dedere?

175 1976 242 2007 aut
272 1970 452 2019 quisnam
486 1970 663 2020 ignarum
697 1972 838 2009 nostris
870 1971 969 2009 deus
998 1971 1151 2019 adpulit
1181 1971 1290 2008 oris?

175 2032 271 2081 quid
301 2045 398 2081 puer
426 2033 654 2071 Ascanius?
704 2041 914 2083 superatne
944 2040 982 2071 et
1011 2033 1185 2070 vescitur
1215 2035 1338 2071 aura?

175 2108 293 2145 quem
324 2094 394 2133 tibi
427 2096 503 2133 iam
536 2097 710 2134 Troia—f
1381 2111 1446 2142 340

176 2159 314 2208 Ecqua
344 2165 476 2197 tamen
507 2173 629 2209 puero
660 2167 717 2198 est
747 2160 914 2197 amissae
944 2172 1037 2197 cura
1067 2159 1270 2208 parentis?

176 2221 331 2270 Ecquid
363 2222 402 2258 in
432 2223 637 2272 antiquam
669 2223 851 2261 virtutem
882 2223 1117 2272 animosque
1148 2222 1278 2259 viriles

174 2289 213 2321 et
242 2291 351 2333 pater
380 2286 537 2323 Aeneas
568 2293 605 2323 et
635 2286 854 2323 avunculus
885 2286 1026 2323 excitat
1058 2284 1279 2322 Hector?''

174 2347 265 2385 talia
294 2347 487 2386 fundebat
517 2349 724 2386 lacrimans
754 2349 974 2398 longosque
1005 2347 1134 2386 ciebat
