1635 2604
228 169 253 207 4
642 150 848 196 VIRGIL's
885 166 1075 197 AENEm.

229 278 344 316 parce
374 267 457 316 pias
487 268 676 307 scelerare
705 281 871 307 manus:
912 281 993 307 non
1025 281 1088 306 me
1118 268 1189 306 tibi
1220 267 1339 305 Troia

228 337 434 367 externum
465 331 552 368 tulit
581 338 649 368 aut
679 344 793 369 cruor
823 332 886 368 hic
917 332 967 369 de
998 332 1128 380 stipite
1160 336 1305 368 manat.

231 393 324 430 Heu
355 393 445 442 suge
475 393 654 432 crudeles
685 400 816 440 terras,
849 395 938 443 fuge
968 395 1058 431 litus
1089 406 1260 431 avarum.

230 455 332 491 Nam
366 456 584 505 Polydorus
615 469 714 506 ego:
759 457 822 494 hic
853 457 1053 494 confixum
1085 457 1206 494 ferrea
1235 455 1329 494 texit
1459 472 1500 502 45

228 518 392 555 telorum
427 530 536 566 seges
568 525 605 557 et
636 520 772 557 iaculis
803 520 965 558 increvit
995 519 1154 557 acutis.''

228 581 333 617 Tum
364 593 455 618 vero
485 582 646 630 ancipiti
678 590 853 621 mentem
886 583 1095 620 formidine
1123 594 1279 631 pressus
1314 626 1317 628 ,

228 642 400 692 obstipui
433 650 705 694 steteruntque
736 658 874 684 comae
904 652 942 683 et
972 658 1047 683 vox
1077 643 1256 682 faucibus
1287 644 1424 682 haesit.

285 706 431 742 ‘Hunc
454 707 693 756 Polydorum
716 709 798 745 auri
821 708 1025 758 quondam
1046 720 1137 745 cum
1159 706 1335 756 pondere
1356 718 1502 755 magno

228 768 360 806 infelix
392 769 568 807 Priamus
599 771 730 808 furtim
755 771 958 809 mandarat
989 771 1176 808 alendum
1461 784 1502 815 50

227 831 411 868 Threicio
443 832 532 881 regi,
565 845 656 871 cum
688 834 764 872 iam
797 833 992 872 diffideret
1021 832 1138 871 armis

742 1538 865 1564 Aucient
887 1539 986 1565 altars.

223 1646 447 1685 Dardaniae
477 1647 661 1696 cingique
691 1646 828 1685 urbem
862 1648 1072 1687 obsidione
1101 1650 1262 1689 videret.

223 1710 304 1756 Ille,
338 1717 379 1747 ut
410 1722 506 1758 opes
537 1710 682 1747 fractae
712 1711 923 1758 Teucrum,
957 1718 994 1748 et
1025 1712 1180 1749 fortuna
1212 1713 1389 1761 recessit,

221 1785 279 1810 res
311 1773 649 1821 Agamemnonias
681 1773 934 1822 victriciaque
963 1786 1071 1811 arma
1101 1782 1259 1813 secutus

221 1836 276 1872 fas
307 1848 426 1873 omne
456 1835 680 1884 abrumpit:
714 1836 954 1885 Polydorum
985 1836 1208 1885 obtruncat,
1238 1845 1275 1876 et
1305 1851 1401 1876 auro
1456 1856 1494 1887 55

220 1898 254 1935 vi
286 1898 442 1947 potitur.
503 1898 612 1946 Quid
643 1910 723 1935 non
756 1899 934 1936 mortalia
964 1906 1122 1948 pectora
1152 1901 1270 1949 cogis,
1485 1906 1489 1909 '

218 1961 301 1998 auri
333 1974 441 1998 sacra
472 1961 629 1999 fames?
673 1968 883 2010 postquam
915 1975 1036 2011 pavor
1065 1975 1153 2000 ossa
1183 1964 1350 2013 reliquit,

219 2024 394 2061 delectos
425 2024 558 2073 populi
590 2024 640 2061 ad
671 2037 851 2073 proceres
882 2025 1132 2074 primumque
1162 2034 1364 2075 parentem

220 2094 392 2124 monstra
423 2087 543 2125 deum
575 2088 699 2125 resero
729 2094 766 2125 et
797 2100 898 2136 quae
929 2088 976 2125 sit
1002 2089 1195 2126 sententia
1226 2102 1360 2138 posco

219 2148 418 2187 Omnibus
450 2150 555 2188 idem
586 2151 753 2197 animus,
787 2151 973 2188 scelerata
1003 2151 1192 2189 excedere
1223 2158 1334 2199 terra,
1450 2159 1494 2191 60

218 2212 341 2260 linqui
372 2213 566 2260 pollutum
597 2213 811 2261 hospitium
844 2221 880 2250 et
911 2214 1004 2251 dare
1034 2213 1224 2251 classibus
1257 2216 1433 2254 Austros.

221 2275 323 2323 Ergo
355 2275 617 2312 instauramus
650 2276 846 2324 Polydoro
877 2277 1005 2323 funus,
1038 2283 1074 2313 et
1106 2277 1244 2325 ingens

217 2338 411 2386 aggeritur
441 2338 594 2376 tumulo
625 2339 739 2375 tellus
756 2352 765 2385 ,ς
809 2345 911 2376 stant
944 2338 1132 2376 Manibus
1163 2351 1252 2377 arae
