1635 2604
652 201 779 232 Boot<
816 202 881 232 111.
1360 209 1407 245 19

140 302 218 340 fata
247 302 350 340 viam
381 303 582 341 invenient
611 290 815 352 aderitque
845 310 1006 341 vocatus
1038 303 1193 352 Apollo.
1341 319 1403 352 395

142 365 228 402 Has
258 372 389 402 autem
421 372 538 403 terras
570 366 738 414 Italique
769 366 870 403 hanc
901 366 1021 403 litoris
1051 379 1171 411 oram,

140 427 316 475 proxima
346 439 447 476 quae
478 428 598 465 nostri
629 428 875 477 perfunditur
903 428 1084 476 aequoris
1118 436 1238 473 aestu,

138 489 289 537 effuge:
332 498 473 527 cuncta
503 490 614 527 malis
644 490 870 528 habitantur
899 491 1055 528 moenia
1087 490 1210 527 Grais.

141 551 221 588 Hic
252 558 289 589 et
322 552 476 600 Narycii
509 560 723 601 posuerunt
755 553 911 590 moenia
944 553 1055 590 Locri

138 620 176 650 et
206 614 443 651 Sallentinos
474 613 629 652 obsedit
660 615 781 652 milite
813 627 974 663 campos
1339 631 1404 661 400

139 676 298 724 Lyctius
332 677 600 716 Idomeneus:
645 678 708 714 hic
739 678 801 715 illa
831 678 942 715 ducis
974 677 1164 716 Meliboei

136 750 251 786 parva
284 739 528 777 Philoctetae
559 740 725 778 subnixa
758 741 904 778 Petelia
934 753 1058 778 muro.

138 800 246 848 Quin
278 800 344 838 ubi
376 802 627 840 transmissae
657 803 834 841 steterint
864 810 969 840 trans
1003 815 1174 852 aequora
1205 802 1358 849 classes,

382 1585 457 1611 coin
476 1586 508 1611 οἵ
524 1585 688 1612 Antoninus
707 1586 782 1618 Pius,
804 1585 872 1612 with
892 1585 940 1611 the.
960 1585 1057 1613 While
1076 1586 1152 1613 Sow.

133 1680 171 1711 et
201 1672 338 1722 positis
367 1673 441 1710 aris
473 1672 548 1709 iam
580 1679 668 1709 vota
700 1671 881 1712 in‚litore
911 1672 1048 1719 solves,

131 1748 327 1784 purpureo
357 1736 483 1773 velare
513 1746 647 1771 comas
676 1734 888 1782 adopertus
918 1735 1076 1781 amictu,
1332 1753 1393 1784 405

131 1810 181 1835 ne
210 1810 288 1846 qua
319 1798 417 1835 inter
446 1805 603 1833 sanctos
634 1797 742 1845 ignes
774 1797 812 1833 in
844 1795 994 1834 honore
1024 1798 1188 1835 deorum

131 1860 280 1898 hostilis
312 1860 429 1897 facies
459 1866 634 1897 occurrat
665 1866 702 1896 et
733 1859 866 1896 omina
900 1859 1039 1897 turbet.

133 1922 254 1958 Hunc
284 1922 378 1958 socii
410 1934 560 1959 morem
592 1933 802 1967 sacrorum,
835 1922 941 1959 hunc
971 1922 1054 1971 ipse
1084 1929 1228 1968 teneto,

131 1983 204 2021 hac
233 1985 328 2021 casti
360 1991 543 2021 maneant
575 1984 613 2020 in
644 1984 832 2033 religione
864 1991 1041 2033 nepotes.

131 2047 203 2083 Ast
234 2045 300 2083 ubi
331 2046 546 2095 digressum
578 2046 730 2083 Siculae
758 2054 796 2084 te
823 2047 1041 2085 admoverit
1071 2059 1162 2084 orae
1328 2063 1394 2094 410

130 2115 280 2155 ventus,
313 2115 351 2145 et
380 2109 533 2157 angusti
565 2115 760 2145 rarescent
791 2109 957 2146 claustra
990 2109 1127 2155 Pelori,

130 2170 238 2208 laeva
268 2170 338 2207 tibi
369 2171 483 2207 tellus
513 2178 550 2208 et
580 2170 699 2218 longo
729 2170 837 2208 laeva
868 2178 1052 2220 petantur

129 2244 299 2281 aequora
329 2232 520 2279 circuitu;
561 2232 741 2269 dextrum
771 2233 862 2281 suge
892 2234 980 2270 litus
1012 2241 1049 2271 et
1081 2233 1219 2271 undas.

131 2294 246 2331 Haec
276 2294 362 2332 loca
391 2294 427 2331 vi
458 2295 662 2343 quondam
693 2301 730 2332 et
761 2302 867 2332 vasta
901 2296 1088 2332 convulsa
1119 2296 1284 2332 ruina—

130 2362 281 2393 tantum
311 2356 396 2394 aevi
426 2356 641 2406 longinqua
670 2357 770 2395 valet
801 2365 951 2396 mutare
980 2365 1204 2395 vetustas—
1328 2373 1389 2405 415
