1635 2604
228 195 276 234 18
637 198 841 244 VIRGIL's
878 214 1064 247 AENEID.

224 313 262 345 et
293 308 497 348 volucrum
528 311 680 360 linguas
711 319 749 350 et
779 315 973 364 praepetis
1003 316 1138 354 omina
1168 329 1335 366 pennae,

224 370 302 408 sare
331 383 635 423 age—namque
665 377 794 414 omnis
825 390 982 414 cursum
1015 379 1109 415 mihi
1141 392 1326 429 prospera
1356 381 1453 420 dixit

222 433 367 482 religio,
401 442 439 472 et
469 438 600 474 cuncti
633 446 837 476 suaserunt
868 441 1031 479 numine
1061 442 1138 479 divi

224 495 378 533 Italiam
410 506 544 545 petere
575 506 612 536 et
643 507 761 538 terras
792 508 984 550 temptare
1019 511 1223 552 reposta83

221 559 303 597 sola
337 573 483 598 novum
516 562 706 611 dictuque
738 564 845 601 nefas
879 566 1054 615 Harpyia
1085 567 1264 606 Celaeno
1432 576 1493 618 365

221 624 444 673 prodigium
475 625 580 662 canit
611 631 649 662 et
680 626 807 664 tristes
837 627 1046 666 denuntiat
1077 630 1150 667 iras
1331 636 1333 638 ’

221 686 518 735 obscenamque
549 687 855 738 famem—quae
886 691 1010 739 prima
1040 692 1213 740 pericula
1242 694 1354 732 vito?

221 750 367 798 quidve
398 762 568 798 sequens
599 757 730 789 tantos
761 753 908 800 possim
941 766 1124 803 superare
1155 755 1374 795 labores?''

221 812 284 848 hic
317 812 498 849 Helenus
529 814 652 851 caesis
683 814 851 863 primum
883 816 932 854 de
964 829 1072 854 more
1102 818 1276 856 iuvencis

221 881 353 912 exorat
384 887 521 923 pacem
553 876 687 914 divom
719 878 914 927 vittasque
944 879 1100 918 resolvit
1431 897 1494 931 370

221 938 358 974 sacrati
389 938 537 986 capitis,
570 951 714 988 meque
744 940 794 978 ad
825 948 890 979 tua
920 941 1065 989 limina,
1100 942 1274 990 Phoebe,

221 1000 304 1048 ipse
333 1013 453 1037 manu
486 1002 611 1038 multo
642 1015 879 1052 suspensum
912 1005 1075 1043 numine
1105 1006 1225 1053 ducit,

220 1069 340 1111 atque
371 1063 467 1100 haec
497 1064 644 1102 deinde
674 1066 778 1103 canit
809 1067 944 1104 divino
976 1080 1020 1105 ex
1053 1081 1119 1106 ore
1150 1070 1360 1108 sacerdos:

278 1125 441 1163 “‘Nate
472 1127 695 1164 dea—nam
728 1135 765 1166 te
797 1130 1013 1167 maioribus
1044 1131 1097 1168 ire
1128 1144 1196 1180 per
1226 1133 1349 1170 altum

221 1188 405 1236 auspiciis
436 1190 644 1227 manifesta
675 1191 783 1238 fides,
817 1193 872 1228 sic
903 1193 979 1230 fata
1010 1193 1130 1231 deum
1161 1207 1225 1231 rex
1428 1210 1489 1243 375

222 1251 380 1288 sortitur
409 1252 610 1301 volvitque
642 1254 757 1300 vices,
791 1254 821 1292 is
853 1256 1013 1292 vertitur
1047 1256 1202 1294 ordo—

222 1325 347 1362 pauca
377 1314 447 1351 tibi
478 1328 499 1352 e
530 1316 673 1361 multis,
706 1328 786 1365 quo
818 1317 937 1354 tutior
967 1318 1121 1367 hospita
1152 1320 1291 1357 lustres

221 1388 392 1425 aequora
422 1384 459 1414 et
492 1379 669 1415 Ausonio
700 1380 825 1427 possis
855 1381 1061 1419 considere
1090 1390 1215 1431 portu,

222 1439 429 1487 expediam
459 1440 598 1488 dictis3
639 1441 850 1490 prohibent
882 1456 973 1480 nam
1004 1451 1132 1482 cetera
1165 1447 1308 1483 Parcae

222 1501 320 1539 scire
353 1502 569 1549 Helenum,
600 1504 750 1552 farique
781 1512 884 1542 vetat
916 1506 1095 1544 Saturnia
1129 1508 1242 1545 Iuno.
1429 1517 1491 1554 380

224 1564 422 1613 Principio
454 1566 621 1613 Italiam,
654 1579 773 1615 quam
806 1574 846 1604 tu
878 1568 954 1605 iam
991 1582 1072 1607 rere
1103 1571 1367 1620 propinquam

221 1626 462 1676 vicinosque,
496 1628 637 1677 ignare,
670 1642 782 1678 paras
814 1631 999 1669 invadere
1030 1639 1176 1680 portuS,

220 1689 337 1738 longa
367 1690 502 1739 procul
533 1691 658 1740 longis
689 1692 748 1729 via
779 1693 918 1731 dividit
948 1694 1051 1732 invia
1081 1696 1201 1733 terris.

221 1752 327 1789 Ante
356 1758 394 1790 et
424 1753 627 1791 Trinacria
657 1755 867 1793 lentandus
898 1769 1028 1794 remus
1058 1757 1097 1794 in
1129 1758 1235 1795 unda

221 1821 258 1852 et
289 1815 378 1852 salis
409 1816 575 1854 Ausonii
606 1817 851 1855 lustrandum
884 1818 1048 1856 navibus
1079 1831 1230 1869 aequor
1424 1828 1487 1868 385

220 1876 442 1927 infernique
472 1879 579 1916 lacus
610 1880 846 1930 Aeaeaeque
877 1882 1003 1919 insula
1034 1882 1182 1929 Circae,

220 1951 337 1988 quam
370 1946 453 1978 tuta
481 1941 608 1990 possis
639 1941 774 1980 urbem
808 1956 1048 1993 componere
1079 1951 1188 1981 terra.

220 2002 338 2050 Signa
368 2002 439 2040 tibi
469 2004 610 2051 dicam,
644 2011 684 2042 tu
715 2006 877 2043 condita
909 2013 1040 2044 mente
1071 2013 1231 2044 teneto:

219 2076 310 2102 cum
340 2065 411 2103 tibi
441 2067 609 2104 sollicito
639 2069 777 2106 secreti
807 2069 858 2106 ad
887 2069 1060 2107 fluminis
1090 2069 1237 2107 undam

219 2127 364 2165 litoreis
394 2129 531 2178 ingens
562 2131 720 2168 inventa
750 2130 824 2169 sub
854 2131 1008 2169 ilicibus
1038 2144 1106 2170 sus
1421 2150 1487 2182 390

217 2190 374 2239 triginta
404 2193 578 2241 capitum
609 2193 711 2231 fetus
742 2194 855 2231 enixa
885 2194 1038 2242 iacebit,

217 2251 317 2299 alba,
350 2254 434 2291 solo
465 2254 668 2302 recubans,
701 2255 778 2293 albi
810 2256 956 2294 circum
987 2256 1107 2295 ubera
1137 2257 1228 2304 nati,

218 2314 249 2351 is
279 2315 388 2353 locus
420 2316 526 2355 urbis
555 2318 636 2365 erit,
670 2319 824 2367 requies
854 2332 899 2357 ea
929 2327 1032 2358 certa
1062 2319 1252 2358 laborum.

220 2377 305 2415 Nec
334 2385 375 2416 tu
407 2391 632 2417 mensarum
664 2393 817 2419 morsus
849 2382 1030 2420 horresce
1059 2382 1234 2421 futuros:
