<?xml version="1.0" encoding="UTF-8"?>
<!DOCTYPE html PUBLIC "-//W3C//DTD XHTML 1.0 Transitional//EN"
    "http://www.w3.org/TR/xhtml1/DTD/xhtml1-transitional.dtd">
<html xmlns="http://www.w3.org/1999/xhtml" xml:lang="en" lang="en">
 <head>
  <title>
</title>
<meta http-equiv="Content-Type" content="text/html;charset=utf-8" />
  <meta name='ocr-system' content='tesseract 3.04.00' />
  <meta name='ocr-capabilities' content='ocr_page ocr_carea ocr_par ocr_line ocrx_word'/>
</head>
<body>
  <div class='ocr_page' id='page_1' title='image "aeneidbookiii00virguoft_0061.png"; bbox 0 0 1635 2604; ppageno 0'>
   <div class='ocr_carea' id='block_1_1' title="bbox 662 148 1409 178">
    <p class='ocr_par' dir='ltr' id='par_1_1' title="bbox 662 148 1409 178">
     <span class='ocr_line' id='line_1_1' title="bbox 662 148 1409 178; baseline 0.001 -1"><span class='ocrx_word' id='word_1_1' title='bbox 662 148 787 177; x_wconf 83' lang='lat' dir='ltr'>BOOK</span> <span class='ocrx_word' id='word_1_2' title='bbox 826 148 888 177; x_wconf 92' lang='lat'>111.</span> <span class='ocrx_word' id='word_1_3' title='bbox 1367 152 1409 178; x_wconf 91' lang='lat'>11</span> 
     </span>
    </p>
   </div>
   <div class='ocr_carea' id='block_1_2' title="bbox 142 247 1413 2354">
    <p class='ocr_par' dir='ltr' id='par_1_2' title="bbox 145 247 1376 422">
     <span class='ocr_line' id='line_1_2' title="bbox 148 247 1376 298; baseline -0.001 -11"><span class='ocrx_word' id='word_1_4' title='bbox 148 250 361 298; x_wconf 88' lang='lat' dir='ltr'>Postquam</span> <span class='ocrx_word' id='word_1_5' title='bbox 391 249 511 286; x_wconf 90' lang='lat' dir='ltr'>altum</span> <span class='ocrx_word' id='word_1_6' title='bbox 543 255 704 286; x_wconf 88' lang='lat' dir='ltr'>tenuere</span> <span class='ocrx_word' id='word_1_7' title='bbox 734 255 834 286; x_wconf 83' lang='lat' dir='ltr'>rates</span> <span class='ocrx_word' id='word_1_8' title='bbox 866 260 938 285; x_wconf 89' lang='lat' dir='ltr'>nee</span> <span class='ocrx_word' id='word_1_9' title='bbox 970 247 1045 284; x_wconf 86' lang='lat' dir='ltr'>iam</span> <span class='ocrx_word' id='word_1_10' title='bbox 1077 248 1245 296; x_wconf 84' lang='lat' dir='ltr'>amplius</span> <span class='ocrx_word' id='word_1_11' title='bbox 1276 248 1376 286; x_wconf 89' lang='lat' dir='ltr'>ullae</span> 
     </span>
     <span class='ocr_line' id='line_1_3' title="bbox 145 299 1356 360; baseline -0.002 -11"><span class='ocrx_word' id='word_1_12' title='bbox 145 312 334 360; x_wconf 81' lang='lat' dir='ltr'>adparent</span> <span class='ocrx_word' id='word_1_13' title='bbox 365 318 498 358; x_wconf 83' lang='lat' dir='ltr'>terrae,</span> <span class='ocrx_word' id='word_1_14' title='bbox 532 299 893 360; x_wconf 43' lang='lat' dir='ltr'>caelum*undique</span> <span class='ocrx_word' id='word_1_15' title='bbox 924 318 961 348; x_wconf 86' lang='lat' dir='ltr'>et</span> <span class='ocrx_word' id='word_1_16' title='bbox 993 311 1170 358; x_wconf 85' lang='lat' dir='ltr'>undique</span> <span class='ocrx_word' id='word_1_17' title='bbox 1200 317 1356 358; x_wconf 79' lang='lat' dir='ltr'>pontus,</span> 
     </span>
     <span class='ocr_line' id='line_1_4' title="bbox 145 372 1216 422; baseline -0.002 -12"><span class='ocrx_word' id='word_1_18' title='bbox 145 379 228 411; x_wconf 92' lang='lat' dir='ltr'>tum</span> <span class='ocrx_word' id='word_1_19' title='bbox 260 374 354 411; x_wconf 89' lang='lat' dir='ltr'>mihi</span> <span class='ocrx_word' id='word_1_20' title='bbox 385 374 586 411; x_wconf 89' lang='lat' dir='ltr'>caeruleus</span> <span class='ocrx_word' id='word_1_21' title='bbox 617 385 733 422; x_wconf 86' lang='lat' dir='ltr'>supra</span> <span class='ocrx_word' id='word_1_22' title='bbox 763 380 880 422; x_wconf 92' lang='lat' dir='ltr'>caput</span> <span class='ocrx_word' id='word_1_23' title='bbox 911 373 1061 410; x_wconf 86' lang='lat' dir='ltr'>adstitit</span> <span class='ocrx_word' id='word_1_24' title='bbox 1092 372 1216 410; x_wconf 85' lang='lat' dir='ltr'>imber</span> 
     </span>
    </p>

    <p class='ocr_par' dir='ltr' id='par_1_3' title="bbox 143 433 1413 610">
     <span class='ocr_line' id='line_1_5' title="bbox 146 433 1399 485; baseline -0.001 -12"><span class='ocrx_word' id='word_1_25' title='bbox 146 444 303 474; x_wconf 85' lang='lat' dir='ltr'>noctem</span> <span class='ocrx_word' id='word_1_26' title='bbox 334 436 585 485; x_wconf 83' lang='lat' dir='ltr'>hiememque</span> <span class='ocrx_word' id='word_1_27' title='bbox 616 435 754 482; x_wconf 87' lang='lat' dir='ltr'>serens,</span> <span class='ocrx_word' id='word_1_28' title='bbox 787 442 825 473; x_wconf 89' lang='lat' dir='ltr'>et</span> <span class='ocrx_word' id='word_1_29' title='bbox 857 435 1046 472; x_wconf 86' lang='lat' dir='ltr'>inhorruit</span> <span class='ocrx_word' id='word_1_30' title='bbox 1078 435 1185 472; x_wconf 88' lang='lat' dir='ltr'>unda</span> <span class='ocrx_word' id='word_1_31' title='bbox 1216 433 1399 472; x_wconf 63' lang='lat' dir='ltr'>tenebris</span> 
     </span>
     <span class='ocr_line' id='line_1_6' title="bbox 145 497 1413 546; baseline -0.002 -11"><span class='ocrx_word' id='word_1_32' title='bbox 145 497 347 536; x_wconf 84' lang='lat' dir='ltr'>Continuo</span> <span class='ocrx_word' id='word_1_33' title='bbox 376 498 481 535; x_wconf 86' lang='lat' dir='ltr'>venti</span> <span class='ocrx_word' id='word_1_34' title='bbox 512 498 672 535; x_wconf 85' lang='lat' dir='ltr'>volvunt</span> <span class='ocrx_word' id='word_1_35' title='bbox 703 510 809 534; x_wconf 86' lang='lat' dir='ltr'>mare</span> <span class='ocrx_word' id='word_1_36' title='bbox 841 509 1061 546; x_wconf 89' lang='lat' dir='ltr'>magnaque</span> <span class='ocrx_word' id='word_1_37' title='bbox 1092 504 1254 546; x_wconf 84' lang='lat' dir='ltr'>surgunt</span> <span class='ocrx_word' id='word_1_38' title='bbox 1354 503 1413 543; x_wconf 81' lang='lat'>196</span> 
     </span>
     <span class='ocr_line' id='line_1_7' title="bbox 143 560 1114 610; baseline -0.001 -12"><span class='ocrx_word' id='word_1_39' title='bbox 143 572 338 610; x_wconf 87' lang='lat' dir='ltr'>aequora;</span> <span class='ocrx_word' id='word_1_40' title='bbox 382 560 546 609; x_wconf 89' lang='lat' dir='ltr'>dispersi</span> <span class='ocrx_word' id='word_1_41' title='bbox 578 560 767 598; x_wconf 89' lang='lat' dir='ltr'>iactamur</span> <span class='ocrx_word' id='word_1_42' title='bbox 796 560 946 609; x_wconf 82' lang='lat' dir='ltr'>gurgite</span> <span class='ocrx_word' id='word_1_43' title='bbox 975 567 1114 606; x_wconf 81' lang='lat' dir='ltr'>vasto;</span> 
     </span>
    </p>

    <p class='ocr_par' dir='ltr' id='par_1_4' title="bbox 145 622 1167 670">
     <span class='ocr_line' id='line_1_8' title="bbox 145 622 1167 670; baseline -0.002 -10"><span class='ocrx_word' id='word_1_44' title='bbox 145 622 340 660; x_wconf 84' lang='lat' dir='ltr'>involvere</span> <span class='ocrx_word' id='word_1_45' title='bbox 370 623 475 661; x_wconf 90' lang='lat' dir='ltr'>diem</span> <span class='ocrx_word' id='word_1_46' title='bbox 508 622 642 670; x_wconf 86' lang='lat' dir='ltr'>nimbi,</span> <span class='ocrx_word' id='word_1_47' title='bbox 675 629 713 660; x_wconf 90' lang='lat' dir='ltr'>et</span> <span class='ocrx_word' id='word_1_48' title='bbox 744 635 821 660; x_wconf 84' lang='lat' dir='ltr'>nox</span> <span class='ocrx_word' id='word_1_49' title='bbox 851 622 985 660; x_wconf 86' lang='lat' dir='ltr'>umida</span> <span class='ocrx_word' id='word_1_50' title='bbox 1016 622 1167 659; x_wconf 82' lang='lat' dir='ltr'>eaelum</span> 
     </span>
    </p>

    <p class='ocr_par' dir='ltr' id='par_1_5' title="bbox 143 683 1413 859">
     <span class='ocr_line' id='line_1_9' title="bbox 143 683 1176 734; baseline -0.001 -12"><span class='ocrx_word' id='word_1_51' title='bbox 143 683 327 732; x_wconf 89' lang='lat' dir='ltr'>abstulit;</span> <span class='ocrx_word' id='word_1_52' title='bbox 371 685 614 734; x_wconf 82' lang='lat' dir='ltr'>ingeminant</span> <span class='ocrx_word' id='word_1_53' title='bbox 643 684 819 734; x_wconf 84' lang='lat' dir='ltr'>abruptis</span> <span class='ocrx_word' id='word_1_54' title='bbox 850 683 1024 722; x_wconf 87' lang='lat' dir='ltr'>nubibus</span> <span class='ocrx_word' id='word_1_55' title='bbox 1056 687 1176 734; x_wconf 86' lang='lat' dir='ltr'>ignes.</span> 
     </span>
     <span class='ocr_line' id='line_1_10' title="bbox 144 747 1413 786; baseline -0.001 -2"><span class='ocrx_word' id='word_1_56' title='bbox 144 747 375 785; x_wconf 83' lang='lat' dir='ltr'>Excutimur</span> <span class='ocrx_word' id='word_1_57' title='bbox 403 760 518 785; x_wconf 88' lang='lat' dir='ltr'>cursu</span> <span class='ocrx_word' id='word_1_58' title='bbox 550 755 588 786; x_wconf 87' lang='lat' dir='ltr'>et</span> <span class='ocrx_word' id='word_1_59' title='bbox 618 748 746 786; x_wconf 88' lang='lat' dir='ltr'>caeeis</span> <span class='ocrx_word' id='word_1_60' title='bbox 777 760 950 786; x_wconf 83' lang='lat' dir='ltr'>erramus</span> <span class='ocrx_word' id='word_1_61' title='bbox 981 747 1019 784; x_wconf 91' lang='lat' dir='ltr'>in</span> <span class='ocrx_word' id='word_1_62' title='bbox 1052 747 1178 784; x_wconf 91' lang='lat' dir='ltr'>undis.</span> <span class='ocrx_word' id='word_1_63' title='bbox 1353 763 1413 783; x_wconf 82' lang='lat'>200</span> 
     </span>
     <span class='ocr_line' id='line_1_11' title="bbox 145 810 1182 859; baseline -0.002 -11"><span class='ocrx_word' id='word_1_64' title='bbox 145 811 236 859; x_wconf 80' lang='lat' dir='ltr'>Ipse</span> <span class='ocrx_word' id='word_1_65' title='bbox 266 810 370 848; x_wconf 85' lang='lat' dir='ltr'>diem</span> <span class='ocrx_word' id='word_1_66' title='bbox 402 817 641 859; x_wconf 87' lang='lat' dir='ltr'>noctemque</span> <span class='ocrx_word' id='word_1_67' title='bbox 673 818 788 859; x_wconf 84' lang='lat' dir='ltr'>negat</span> <span class='ocrx_word' id='word_1_68' title='bbox 819 810 1041 847; x_wconf 88' lang='lat' dir='ltr'>discernere</span> <span class='ocrx_word' id='word_1_69' title='bbox 1071 810 1182 847; x_wconf 89' lang='lat' dir='ltr'>caelo</span> 
     </span>
    </p>

    <p class='ocr_par' dir='ltr' id='par_1_6' title="bbox 145 872 1206 911">
     <span class='ocr_line' id='line_1_12' title="bbox 145 872 1206 911; baseline 0 -2"><span class='ocrx_word' id='word_1_70' title='bbox 145 884 217 910; x_wconf 89' lang='lat' dir='ltr'>nec</span> <span class='ocrx_word' id='word_1_71' title='bbox 247 873 472 910; x_wconf 77' lang='lat' dir='ltr'>meminisse</span> <span class='ocrx_word' id='word_1_72' title='bbox 502 873 586 910; x_wconf 83' lang='lat' dir='ltr'>viae</span> <span class='ocrx_word' id='word_1_73' title='bbox 618 873 747 911; x_wconf 88' lang='lat' dir='ltr'>media</span> <span class='ocrx_word' id='word_1_74' title='bbox 782 873 986 910; x_wconf 86' lang='lat' dir='ltr'>Palinurus</span> <span class='ocrx_word' id='word_1_75' title='bbox 1019 872 1057 909; x_wconf 91' lang='lat' dir='ltr'>in</span> <span class='ocrx_word' id='word_1_76' title='bbox 1089 872 1206 910; x_wconf 90' lang='lat' dir='ltr'>unda.</span> 
     </span>
    </p>

    <p class='ocr_par' dir='ltr' id='par_1_7' title="bbox 144 935 1046 984">
     <span class='ocr_line' id='line_1_13' title="bbox 144 935 1046 984; baseline 0.001 -13"><span class='ocrx_word' id='word_1_77' title='bbox 144 935 242 972; x_wconf 87' lang='lat' dir='ltr'>Tres</span> <span class='ocrx_word' id='word_1_78' title='bbox 270 935 372 973; x_wconf 90' lang='lat' dir='ltr'>adeo</span> <span class='ocrx_word' id='word_1_79' title='bbox 402 935 571 973; x_wconf 84' lang='lat' dir='ltr'>incertos</span> <span class='ocrx_word' id='word_1_80' title='bbox 601 948 719 973; x_wconf 88' lang='lat' dir='ltr'>caeca</span> <span class='ocrx_word' id='word_1_81' title='bbox 749 935 915 984; x_wconf 85' lang='lat' dir='ltr'>caligine</span> <span class='ocrx_word' id='word_1_82' title='bbox 945 935 1046 973; x_wconf 87' lang='lat' dir='ltr'>soles</span> 
     </span>
    </p>

    <p class='ocr_par' dir='ltr' id='par_1_8' title="bbox 144 998 1146 1046">
     <span class='ocr_line' id='line_1_14' title="bbox 144 998 1146 1046; baseline 0 -11"><span class='ocrx_word' id='word_1_83' title='bbox 144 1009 315 1035; x_wconf 84' lang='lat' dir='ltr'>erramus</span> <span class='ocrx_word' id='word_1_84' title='bbox 346 998 495 1046; x_wconf 81' lang='lat' dir='ltr'>pelago,</span> <span class='ocrx_word' id='word_1_85' title='bbox 529 998 695 1036; x_wconf 88' lang='lat' dir='ltr'>totidem</span> <span class='ocrx_word' id='word_1_86' title='bbox 727 998 811 1035; x_wconf 91' lang='lat' dir='ltr'>sine</span> <span class='ocrx_word' id='word_1_87' title='bbox 842 998 969 1036; x_wconf 89' lang='lat' dir='ltr'>sidere</span> <span class='ocrx_word' id='word_1_88' title='bbox 1000 1004 1146 1035; x_wconf 86' lang='lat' dir='ltr'>noctes.</span> 
     </span>
    </p>

    <p class='ocr_par' dir='ltr' id='par_1_9' title="bbox 144 1060 1412 1171">
     <span class='ocr_line' id='line_1_15' title="bbox 145 1060 1412 1108; baseline -0.001 -11"><span class='ocrx_word' id='word_1_89' title='bbox 145 1060 297 1108; x_wconf 87' lang='lat' dir='ltr'>Quarto</span> <span class='ocrx_word' id='word_1_90' title='bbox 327 1066 425 1097; x_wconf 84' lang='lat' dir='ltr'>terra</span> <span class='ocrx_word' id='word_1_91' title='bbox 455 1060 518 1097; x_wconf 88' lang='lat' dir='ltr'>die</span> <span class='ocrx_word' id='word_1_92' title='bbox 548 1061 717 1108; x_wconf 90' lang='lat' dir='ltr'>primum</span> <span class='ocrx_word' id='word_1_93' title='bbox 749 1072 790 1098; x_wconf 88' lang='lat' dir='ltr'>se</span> <span class='ocrx_word' id='word_1_94' title='bbox 820 1060 998 1097; x_wconf 84' lang='lat' dir='ltr'>attollere</span> <span class='ocrx_word' id='word_1_95' title='bbox 1029 1060 1190 1097; x_wconf 83' lang='lat' dir='ltr'>tandem</span> <span class='ocrx_word' id='word_1_96' title='bbox 1312 1074 1315 1077; x_wconf 96' lang='lat'>·</span> <span class='ocrx_word' id='word_1_97' title='bbox 1352 1073 1412 1105; x_wconf 83' lang='lat'>205</span> 
     </span>
     <span class='ocr_line' id='line_1_16' title="bbox 144 1121 1230 1171; baseline -0.001 -12"><span class='ocrx_word' id='word_1_98' title='bbox 144 1122 235 1169; x_wconf 87' lang='lat' dir='ltr'>visa,</span> <span class='ocrx_word' id='word_1_99' title='bbox 269 1121 418 1170; x_wconf 85' lang='lat' dir='ltr'>aperire</span> <span class='ocrx_word' id='word_1_100' title='bbox 449 1123 584 1171; x_wconf 89' lang='lat' dir='ltr'>procul</span> <span class='ocrx_word' id='word_1_101' title='bbox 616 1130 772 1160; x_wconf 91' lang='lat' dir='ltr'>montes</span> <span class='ocrx_word' id='word_1_102' title='bbox 803 1134 849 1159; x_wconf 86' lang='lat' dir='ltr'>ae</span> <span class='ocrx_word' id='word_1_103' title='bbox 879 1122 1034 1160; x_wconf 80' lang='lat' dir='ltr'>volvere</span> <span class='ocrx_word' id='word_1_104' title='bbox 1065 1123 1230 1159; x_wconf 89' lang='lat' dir='ltr'>sumum.</span> 
     </span>
    </p>

    <p class='ocr_par' dir='ltr' id='par_1_10' title="bbox 142 1184 1326 1296">
     <span class='ocr_line' id='line_1_17' title="bbox 142 1184 1326 1234; baseline 0.002 -14"><span class='ocrx_word' id='word_1_105' title='bbox 142 1184 242 1222; x_wconf 91' lang='lat' dir='ltr'>Vela</span> <span class='ocrx_word' id='word_1_106' title='bbox 271 1184 428 1229; x_wconf 84' lang='lat' dir='ltr'>cadunt,</span> <span class='ocrx_word' id='word_1_107' title='bbox 464 1185 579 1222; x_wconf 84' lang='lat' dir='ltr'>remis</span> <span class='ocrx_word' id='word_1_108' title='bbox 612 1185 860 1234; x_wconf 87' lang='lat' dir='ltr'>insurgimus,</span> <span class='ocrx_word' id='word_1_109' title='bbox 892 1184 999 1223; x_wconf 87' lang='lat' dir='ltr'>haud</span> <span class='ocrx_word' id='word_1_110' title='bbox 1029 1197 1150 1231; x_wconf 88' lang='lat' dir='ltr'>mora,</span> <span class='ocrx_word' id='word_1_111' title='bbox 1184 1192 1326 1222; x_wconf 87' lang='lat' dir='ltr'>nautae</span> 
     </span>
     <span class='ocr_line' id='line_1_18' title="bbox 142 1245 1129 1296; baseline 0.001 -13"><span class='ocrx_word' id='word_1_112' title='bbox 142 1245 273 1284; x_wconf 87' lang='lat' dir='ltr'>adnixi</span> <span class='ocrx_word' id='word_1_113' title='bbox 305 1253 488 1295; x_wconf 87' lang='lat' dir='ltr'>torquent</span> <span class='ocrx_word' id='word_1_114' title='bbox 518 1259 678 1296; x_wconf 86' lang='lat' dir='ltr'>spumas</span> <span class='ocrx_word' id='word_1_115' title='bbox 709 1254 747 1285; x_wconf 91' lang='lat' dir='ltr'>et</span> <span class='ocrx_word' id='word_1_116' title='bbox 777 1247 932 1284; x_wconf 90' lang='lat' dir='ltr'>caerula</span> <span class='ocrx_word' id='word_1_117' title='bbox 962 1253 1129 1285; x_wconf 83' lang='lat' dir='ltr'>verrunt.</span> 
     </span>
    </p>

    <p class='ocr_par' dir='ltr' id='par_1_11' title="bbox 142 1309 1412 1907">
     <span class='ocr_line' id='line_1_19' title="bbox 201 1309 1392 1358; baseline 0 -12"><span class='ocrx_word' id='word_1_118' title='bbox 201 1309 428 1346; x_wconf 83' lang='lat' dir='ltr'>‘Servatum</span> <span class='ocrx_word' id='word_1_119' title='bbox 460 1322 506 1346; x_wconf 87' lang='lat' dir='ltr'>ex</span> <span class='ocrx_word' id='word_1_120' title='bbox 537 1310 654 1347; x_wconf 90' lang='lat' dir='ltr'>undis</span> <span class='ocrx_word' id='word_1_121' title='bbox 685 1309 953 1358; x_wconf 82' lang='lat' dir='ltr'>Strophadum</span> <span class='ocrx_word' id='word_1_122' title='bbox 985 1322 1048 1347; x_wconf 89' lang='lat' dir='ltr'>me</span> <span class='ocrx_word' id='word_1_123' title='bbox 1079 1310 1190 1347; x_wconf 90' lang='lat' dir='ltr'>litora</span> <span class='ocrx_word' id='word_1_124' title='bbox 1222 1309 1392 1358; x_wconf 87' lang='lat' dir='ltr'>primum</span> 
     </span>
     <span class='ocr_line' id='line_1_20' title="bbox 143 1371 1412 1420; baseline 0 -12"><span class='ocrx_word' id='word_1_125' title='bbox 143 1371 352 1420; x_wconf 87' lang='lat' dir='ltr'>excipiunt.</span> <span class='ocrx_word' id='word_1_126' title='bbox 412 1372 655 1420; x_wconf 81' lang='lat' dir='ltr'>Strophades</span> <span class='ocrx_word' id='word_1_127' title='bbox 686 1372 806 1410; x_wconf 87' lang='lat' dir='ltr'>Graio</span> <span class='ocrx_word' id='word_1_128' title='bbox 837 1378 942 1409; x_wconf 90' lang='lat' dir='ltr'>stant</span> <span class='ocrx_word' id='word_1_129' title='bbox 973 1372 1134 1410; x_wconf 88' lang='lat' dir='ltr'>nomine</span> <span class='ocrx_word' id='word_1_130' title='bbox 1165 1372 1305 1418; x_wconf 83' lang='lat' dir='ltr'>dictae,</span> <span class='ocrx_word' id='word_1_131' title='bbox 1351 1387 1412 1409; x_wconf 87' lang='lat'>210</span> 
     </span>
     <span class='ocr_line' id='line_1_21' title="bbox 144 1433 1146 1483; baseline 0.001 -13"><span class='ocrx_word' id='word_1_132' title='bbox 144 1433 293 1471; x_wconf 85' lang='lat' dir='ltr'>insulae</span> <span class='ocrx_word' id='word_1_133' title='bbox 325 1434 440 1471; x_wconf 91' lang='lat' dir='ltr'>Ionio</span> <span class='ocrx_word' id='word_1_134' title='bbox 471 1434 508 1470; x_wconf 91' lang='lat' dir='ltr'>in</span> <span class='ocrx_word' id='word_1_135' title='bbox 541 1446 696 1483; x_wconf 86' lang='lat' dir='ltr'>magno,</span> <span class='ocrx_word' id='word_1_136' title='bbox 729 1447 826 1483; x_wconf 90' lang='lat' dir='ltr'>quas</span> <span class='ocrx_word' id='word_1_137' title='bbox 856 1434 938 1471; x_wconf 90' lang='lat' dir='ltr'>dira</span> <span class='ocrx_word' id='word_1_138' title='bbox 970 1434 1146 1473; x_wconf 82' lang='lat' dir='ltr'>Celaeno</span> 
     </span>
     <span class='ocr_line' id='line_1_22' title="bbox 146 1495 1175 1545; baseline 0.002 -14"><span class='ocrx_word' id='word_1_139' title='bbox 146 1495 426 1544; x_wconf 84' lang='lat' dir='ltr'>Harpyiaeque</span> <span class='ocrx_word' id='word_1_140' title='bbox 458 1495 595 1533; x_wconf 85' lang='lat' dir='ltr'>colunt</span> <span class='ocrx_word' id='word_1_141' title='bbox 625 1495 734 1542; x_wconf 88' lang='lat' dir='ltr'>aliae,</span> <span class='ocrx_word' id='word_1_142' title='bbox 769 1496 933 1533; x_wconf 85' lang='lat' dir='ltr'>Phineia</span> <span class='ocrx_word' id='word_1_143' title='bbox 964 1504 1175 1545; x_wconf 82' lang='lat' dir='ltr'>postquam</span> 
     </span>
     <span class='ocr_line' id='line_1_23' title="bbox 143 1557 1209 1607; baseline 0.003 -14"><span class='ocrx_word' id='word_1_144' title='bbox 143 1557 274 1594; x_wconf 87' lang='lat' dir='ltr'>clausa</span> <span class='ocrx_word' id='word_1_145' title='bbox 304 1557 446 1595; x_wconf 93' lang='lat' dir='ltr'>domus</span> <span class='ocrx_word' id='word_1_146' title='bbox 478 1570 715 1606; x_wconf 80' lang='lat' dir='ltr'>mensasque</span> <span class='ocrx_word' id='word_1_147' title='bbox 747 1565 853 1596; x_wconf 89' lang='lat' dir='ltr'>metu</span> <span class='ocrx_word' id='word_1_148' title='bbox 884 1558 1032 1607; x_wconf 89' lang='lat' dir='ltr'>liquere</span> <span class='ocrx_word' id='word_1_149' title='bbox 1063 1559 1209 1607; x_wconf 78' lang='lat' dir='ltr'>priores</span> 
     </span>
     <span class='ocr_line' id='line_1_24' title="bbox 143 1619 1208 1666; baseline 0.001 -10"><span class='ocrx_word' id='word_1_150' title='bbox 143 1619 309 1657; x_wconf 89' lang='lat' dir='ltr'>Tristius</span> <span class='ocrx_word' id='word_1_151' title='bbox 340 1619 446 1657; x_wconf 92' lang='lat' dir='ltr'>haud</span> <span class='ocrx_word' id='word_1_152' title='bbox 478 1620 550 1656; x_wconf 88' lang='lat' dir='ltr'>illis</span> <span class='ocrx_word' id='word_1_153' title='bbox 583 1627 814 1666; x_wconf 87' lang='lat' dir='ltr'>monstrum,</span> <span class='ocrx_word' id='word_1_154' title='bbox 848 1632 920 1658; x_wconf 86' lang='lat' dir='ltr'>nee</span> <span class='ocrx_word' id='word_1_155' title='bbox 951 1620 1102 1658; x_wconf 88' lang='lat' dir='ltr'>saevior</span> <span class='ocrx_word' id='word_1_156' title='bbox 1131 1621 1208 1658; x_wconf 91' lang='lat' dir='ltr'>ulla</span> 
     </span>
     <span class='ocr_line' id='line_1_25' title="bbox 143 1681 1407 1731; baseline 0.002 -13"><span class='ocrx_word' id='word_1_157' title='bbox 143 1681 262 1730; x_wconf 86' lang='lat' dir='ltr'>pestis</span> <span class='ocrx_word' id='word_1_158' title='bbox 292 1689 329 1719; x_wconf 86' lang='lat' dir='ltr'>et</span> <span class='ocrx_word' id='word_1_159' title='bbox 361 1682 414 1719; x_wconf 88' lang='lat' dir='ltr'>ira</span> <span class='ocrx_word' id='word_1_160' title='bbox 444 1682 562 1719; x_wconf 90' lang='lat' dir='ltr'>deum</span> <span class='ocrx_word' id='word_1_161' title='bbox 596 1683 853 1731; x_wconf 67' lang='lat' dir='ltr'>St)‘giis.sese</span> <span class='ocrx_word' id='word_1_162' title='bbox 884 1683 1020 1720; x_wconf 87' lang='lat' dir='ltr'>extulit</span> <span class='ocrx_word' id='word_1_163' title='bbox 1050 1683 1178 1721; x_wconf 87' lang='lat' dir='ltr'>undis.</span> <span class='ocrx_word' id='word_1_164' title='bbox 1348 1699 1407 1731; x_wconf 86' lang='lat'>215</span> 
     </span>
     <span class='ocr_line' id='line_1_26' title="bbox 142 1743 1162 1793; baseline 0.002 -13"><span class='ocrx_word' id='word_1_165' title='bbox 142 1743 315 1793; x_wconf 88' lang='lat' dir='ltr'>Virginei</span> <span class='ocrx_word' id='word_1_166' title='bbox 347 1745 550 1782; x_wconf 90' lang='lat' dir='ltr'>volucrum</span> <span class='ocrx_word' id='word_1_167' title='bbox 584 1745 724 1791; x_wconf 85' lang='lat' dir='ltr'>vultus,</span> <span class='ocrx_word' id='word_1_168' title='bbox 758 1745 986 1782; x_wconf 85' lang='lat' dir='ltr'>foedissima</span> <span class='ocrx_word' id='word_1_169' title='bbox 1016 1746 1162 1783; x_wconf 88' lang='lat' dir='ltr'>ventris</span> 
     </span>
     <span class='ocr_line' id='line_1_27' title="bbox 143 1806 1184 1857; baseline 0.003 -14"><span class='ocrx_word' id='word_1_170' title='bbox 143 1806 347 1855; x_wconf 90' lang='lat' dir='ltr'>proluvies,</span> <span class='ocrx_word' id='word_1_171' title='bbox 380 1819 586 1856; x_wconf 89' lang='lat' dir='ltr'>uncaeque</span> <span class='ocrx_word' id='word_1_172' title='bbox 616 1819 756 1845; x_wconf 91' lang='lat' dir='ltr'>manus</span> <span class='ocrx_word' id='word_1_173' title='bbox 786 1814 824 1845; x_wconf 90' lang='lat' dir='ltr'>et</span> <span class='ocrx_word' id='word_1_174' title='bbox 855 1808 1000 1856; x_wconf 89' lang='lat' dir='ltr'>pallida</span> <span class='ocrx_word' id='word_1_175' title='bbox 1030 1819 1184 1857; x_wconf 89' lang='lat' dir='ltr'>semper</span> 
     </span>
     <span class='ocr_line' id='line_1_28' title="bbox 143 1868 352 1907; baseline 0 -1"><span class='ocrx_word' id='word_1_176' title='bbox 143 1880 210 1906; x_wconf 89' lang='lat' dir='ltr'>ora</span> <span class='ocrx_word' id='word_1_177' title='bbox 240 1868 352 1907; x_wconf 91' lang='lat' dir='ltr'>fame.</span> 
     </span>
    </p>

    <p class='ocr_par' dir='ltr' id='par_1_12' title="bbox 146 1930 1047 1980">
     <span class='ocr_line' id='line_1_29' title="bbox 146 1930 1047 1980; baseline 0.002 -12"><span class='ocrx_word' id='word_1_178' title='bbox 146 1932 239 1968; x_wconf 91' lang='lat' dir='ltr'>Huc</span> <span class='ocrx_word' id='word_1_179' title='bbox 269 1930 335 1969; x_wconf 91' lang='lat' dir='ltr'>ubi</span> <span class='ocrx_word' id='word_1_180' title='bbox 366 1931 483 1969; x_wconf 90' lang='lat' dir='ltr'>delati</span> <span class='ocrx_word' id='word_1_181' title='bbox 514 1938 649 1980; x_wconf 86' lang='lat' dir='ltr'>portus</span> <span class='ocrx_word' id='word_1_182' title='bbox 681 1932 921 1978; x_wconf 86' lang='lat' dir='ltr'>intravimus,</span> <span class='ocrx_word' id='word_1_183' title='bbox 953 1944 1047 1970; x_wconf 88' lang='lat' dir='ltr'>ecce</span> 
     </span>
    </p>

    <p class='ocr_par' dir='ltr' id='par_1_13' title="bbox 142 1993 1411 2168">
     <span class='ocr_line' id='line_1_30' title="bbox 143 1993 1411 2043; baseline 0.002 -13"><span class='ocrx_word' id='word_1_184' title='bbox 143 1993 242 2031; x_wconf 88' lang='lat' dir='ltr'>laeta</span> <span class='ocrx_word' id='word_1_185' title='bbox 271 1993 393 2031; x_wconf 92' lang='lat' dir='ltr'>boum</span> <span class='ocrx_word' id='word_1_186' title='bbox 423 1994 567 2042; x_wconf 89' lang='lat' dir='ltr'>passim</span> <span class='ocrx_word' id='word_1_187' title='bbox 599 1995 748 2043; x_wconf 90' lang='lat' dir='ltr'>campis</span> <span class='ocrx_word' id='word_1_188' title='bbox 778 2002 954 2032; x_wconf 85' lang='lat' dir='ltr'>armenta</span> <span class='ocrx_word' id='word_1_189' title='bbox 984 1995 1164 2032; x_wconf 80' lang='lat' dir='ltr'>videmus</span> <span class='ocrx_word' id='word_1_190' title='bbox 1351 2010 1411 2033; x_wconf 83' lang='lat'>220</span> 
     </span>
     <span class='ocr_line' id='line_1_31' title="bbox 142 2055 1243 2106; baseline 0.002 -14"><span class='ocrx_word' id='word_1_191' title='bbox 142 2055 475 2105; x_wconf 88' lang='lat' dir='ltr'>caprigenumque</span> <span class='ocrx_word' id='word_1_192' title='bbox 505 2068 625 2105; x_wconf 88' lang='lat' dir='ltr'>pecus</span> <span class='ocrx_word' id='word_1_193' title='bbox 657 2057 765 2094; x_wconf 91' lang='lat' dir='ltr'>nullo</span> <span class='ocrx_word' id='word_1_194' title='bbox 795 2057 961 2094; x_wconf 84' lang='lat' dir='ltr'>custode</span> <span class='ocrx_word' id='word_1_195' title='bbox 993 2069 1061 2106; x_wconf 90' lang='lat' dir='ltr'>per</span> <span class='ocrx_word' id='word_1_196' title='bbox 1091 2056 1243 2094; x_wconf 88' lang='lat' dir='ltr'>herbas.</span> 
     </span>
     <span class='ocr_line' id='line_1_32' title="bbox 145 2118 1156 2168; baseline 0.002 -14"><span class='ocrx_word' id='word_1_197' title='bbox 145 2118 343 2155; x_wconf 87' lang='lat' dir='ltr'>Inruimus</span> <span class='ocrx_word' id='word_1_198' title='bbox 373 2118 482 2165; x_wconf 86' lang='lat' dir='ltr'>ferro,</span> <span class='ocrx_word' id='word_1_199' title='bbox 517 2125 554 2156; x_wconf 90' lang='lat' dir='ltr'>et</span> <span class='ocrx_word' id='word_1_200' title='bbox 584 2119 696 2156; x_wconf 92' lang='lat' dir='ltr'>divos</span> <span class='ocrx_word' id='word_1_201' title='bbox 729 2119 938 2168; x_wconf 89' lang='lat' dir='ltr'>ipsumque</span> <span class='ocrx_word' id='word_1_202' title='bbox 968 2131 1156 2156; x_wconf 76' lang='lat' dir='ltr'>vocamus</span> 
     </span>
    </p>

    <p class='ocr_par' dir='ltr' id='par_1_14' title="bbox 143 2179 1290 2292">
     <span class='ocr_line' id='line_1_33' title="bbox 143 2179 1275 2229; baseline 0.002 -13"><span class='ocrx_word' id='word_1_203' title='bbox 143 2179 183 2216; x_wconf 90' lang='lat' dir='ltr'>in</span> <span class='ocrx_word' id='word_1_204' title='bbox 211 2187 359 2229; x_wconf 90' lang='lat' dir='ltr'>partem</span> <span class='ocrx_word' id='word_1_205' title='bbox 391 2181 658 2229; x_wconf 85' lang='lat' dir='ltr'>praedamque</span> <span class='ocrx_word' id='word_1_206' title='bbox 691 2181 854 2219; x_wconf 88' lang='lat' dir='ltr'>Iovem:</span> <span class='ocrx_word' id='word_1_207' title='bbox 899 2188 982 2218; x_wconf 90' lang='lat' dir='ltr'>tum</span> <span class='ocrx_word' id='word_1_208' title='bbox 1014 2181 1125 2218; x_wconf 88' lang='lat' dir='ltr'>litore</span> <span class='ocrx_word' id='word_1_209' title='bbox 1155 2193 1275 2218; x_wconf 76' lang='lat' dir='ltr'>curvo</span> 
     </span>
     <span class='ocr_line' id='line_1_34' title="bbox 143 2241 1290 2292; baseline 0.001 -13"><span class='ocrx_word' id='word_1_210' title='bbox 143 2243 456 2291; x_wconf 86' lang='lat' dir='ltr'>exstruimusque</span> <span class='ocrx_word' id='word_1_211' title='bbox 487 2250 592 2281; x_wconf 85' lang='lat' dir='ltr'>toros</span> <span class='ocrx_word' id='word_1_212' title='bbox 622 2241 871 2292; x_wconf 88' lang='lat' dir='ltr'>dapibusque</span> <span class='ocrx_word' id='word_1_213' title='bbox 902 2244 1107 2291; x_wconf 90' lang='lat' dir='ltr'>epulamur</span> <span class='ocrx_word' id='word_1_214' title='bbox 1137 2243 1290 2292; x_wconf 89' lang='lat' dir='ltr'>opimis.</span> 
     </span>
    </p>

    <p class='ocr_par' dir='ltr' id='par_1_15' title="bbox 142 2304 1409 2354">
     <span class='ocr_line' id='line_1_35' title="bbox 142 2304 1409 2354; baseline 0.001 -12"><span class='ocrx_word' id='word_1_215' title='bbox 142 2305 195 2342; x_wconf 93' lang='lat' dir='ltr'>At</span> <span class='ocrx_word' id='word_1_216' title='bbox 223 2304 376 2342; x_wconf 88' lang='lat' dir='ltr'>subitae</span> <span class='ocrx_word' id='word_1_217' title='bbox 406 2305 588 2343; x_wconf 85' lang='lat' dir='ltr'>horrifico</span> <span class='ocrx_word' id='word_1_218' title='bbox 619 2306 728 2354; x_wconf 89' lang='lat' dir='ltr'>lapsu</span> <span class='ocrx_word' id='word_1_219' title='bbox 759 2306 809 2343; x_wconf 89' lang='lat' dir='ltr'>de</span> <span class='ocrx_word' id='word_1_220' title='bbox 840 2304 1042 2343; x_wconf 88' lang='lat' dir='ltr'>montibus</span> <span class='ocrx_word' id='word_1_221' title='bbox 1073 2304 1219 2342; x_wconf 87' lang='lat' dir='ltr'>adsunt</span> <span class='ocrx_word' id='word_1_222' title='bbox 1351 2322 1409 2352; x_wconf 77' lang='lat'>225</span> 
     </span>
    </p>
   </div>
  </div>
 </body>
</html>
