<?xml version="1.0" encoding="UTF-8"?>
<!DOCTYPE html PUBLIC "-//W3C//DTD XHTML 1.0 Transitional//EN"
    "http://www.w3.org/TR/xhtml1/DTD/xhtml1-transitional.dtd">
<html xmlns="http://www.w3.org/1999/xhtml" xml:lang="en" lang="en">
 <head>
  <title>
</title>
<meta http-equiv="Content-Type" content="text/html;charset=utf-8" />
  <meta name='ocr-system' content='tesseract 3.04.00' />
  <meta name='ocr-capabilities' content='ocr_page ocr_carea ocr_par ocr_line ocrx_word'/>
</head>
<body>
  <div class='ocr_page' id='page_1' title='image "aeneidbookiii00virguoft_0053.png"; bbox 0 0 1635 2604; ppageno 0'>
   <div class='ocr_carea' id='block_1_1' title="bbox 657 140 1407 185">
    <p class='ocr_par' dir='ltr' id='par_1_1' title="bbox 657 140 1407 185">
     <span class='ocr_line' id='line_1_1' title="bbox 657 140 1407 185; baseline 0 -15"><span class='ocrx_word' id='word_1_1' title='bbox 657 140 785 170; x_wconf 85' lang='lat' dir='ltr'>BOOK</span> <span class='ocrx_word' id='word_1_2' title='bbox 823 141 888 171; x_wconf 91' lang='lat'><em>111.</em></span> <span class='ocrx_word' id='word_1_3' title='bbox 1382 146 1407 185; x_wconf 84' lang='lat'><strong>3</strong></span> 
     </span>
    </p>
   </div>
   <div class='ocr_carea' id='block_1_2' title="bbox 133 238 1406 793">
    <p class='ocr_par' dir='ltr' id='par_1_2' title="bbox 135 238 1406 352">
     <span class='ocr_line' id='line_1_2' title="bbox 135 238 1406 292; baseline 0.002 -14"><span class='ocrx_word' id='word_1_4' title='bbox 135 238 362 290; x_wconf 87' lang='lat' dir='ltr'>auspicibus</span> <span class='ocrx_word' id='word_1_5' title='bbox 392 247 622 290; x_wconf 90' lang='lat' dir='ltr'>coeptorum</span> <span class='ocrx_word' id='word_1_6' title='bbox 653 253 828 290; x_wconf 75' lang='lat' dir='ltr'>operum,</span> <span class='ocrx_word' id='word_1_7' title='bbox 861 254 1082 292; x_wconf 86' lang='lat' dir='ltr'>superoque</span> <span class='ocrx_word' id='word_1_8' title='bbox 1113 243 1303 282; x_wconf 82' lang='lat' dir='ltr'>nitentem</span> <span class='ocrx_word' id='word_1_9' title='bbox 1368 260 1406 281; x_wconf 87' lang='lat'>20</span> 
     </span>
     <span class='ocr_line' id='line_1_3' title="bbox 136 303 1141 352; baseline 0.003 -13"><span class='ocrx_word' id='word_1_10' title='bbox 136 303 369 340; x_wconf 86' lang='lat' dir='ltr'>caelicolum</span> <span class='ocrx_word' id='word_1_11' title='bbox 400 303 478 352; x_wconf 86' lang='lat' dir='ltr'>regi</span> <span class='ocrx_word' id='word_1_12' title='bbox 509 303 733 342; x_wconf 82' lang='lat' dir='ltr'>mactabam</span> <span class='ocrx_word' id='word_1_13' title='bbox 765 304 803 341; x_wconf 93' lang='lat' dir='ltr'>in</span> <span class='ocrx_word' id='word_1_14' title='bbox 834 305 946 342; x_wconf 87' lang='lat' dir='ltr'>litore</span> <span class='ocrx_word' id='word_1_15' title='bbox 976 312 1141 343; x_wconf 87' lang='lat' dir='ltr'>taurum.</span> 
     </span>
    </p>

    <p class='ocr_par' dir='ltr' id='par_1_3' title="bbox 137 365 1176 415">
     <span class='ocr_line' id='line_1_4' title="bbox 137 365 1176 415; baseline 0.004 -14"><span class='ocrx_word' id='word_1_16' title='bbox 137 365 253 402; x_wconf 83' lang='lat' dir='ltr'>Forte</span> <span class='ocrx_word' id='word_1_17' title='bbox 284 365 353 402; x_wconf 86' lang='lat' dir='ltr'>suit</span> <span class='ocrx_word' id='word_1_18' title='bbox 385 365 488 402; x_wconf 84' lang='lat' dir='ltr'>iuxta</span> <span class='ocrx_word' id='word_1_19' title='bbox 519 366 702 413; x_wconf 86' lang='lat' dir='ltr'>tumulus,</span> <span class='ocrx_word' id='word_1_20' title='bbox 737 379 816 415; x_wconf 92' lang='lat' dir='ltr'>quo</span> <span class='ocrx_word' id='word_1_21' title='bbox 847 379 989 405; x_wconf 85' lang='lat' dir='ltr'>cornea</span> <span class='ocrx_word' id='word_1_22' title='bbox 1020 380 1176 405; x_wconf 87' lang='lat' dir='ltr'>summo</span> 
     </span>
    </p>

    <p class='ocr_par' dir='ltr' id='par_1_4' title="bbox 135 427 1140 478">
     <span class='ocr_line' id='line_1_5' title="bbox 135 427 1140 478; baseline 0.001 -13"><span class='ocrx_word' id='word_1_23' title='bbox 135 427 299 475; x_wconf 83' lang='lat' dir='ltr'>virgulta</span> <span class='ocrx_word' id='word_1_24' title='bbox 326 433 364 464; x_wconf 91' lang='lat' dir='ltr'>ct</span> <span class='ocrx_word' id='word_1_25' title='bbox 395 427 527 465; x_wconf 89' lang='lat' dir='ltr'>densis</span> <span class='ocrx_word' id='word_1_26' title='bbox 558 428 764 466; x_wconf 82' lang='lat' dir='ltr'>hastilibus</span> <span class='ocrx_word' id='word_1_27' title='bbox 795 429 951 466; x_wconf 85' lang='lat' dir='ltr'>horrida</span> <span class='ocrx_word' id='word_1_28' title='bbox 982 437 1140 478; x_wconf 82' lang='lat' dir='ltr'><strong>myrtus.</strong></span> 
     </span>
    </p>

    <p class='ocr_par' dir='ltr' id='par_1_5' title="bbox 133 489 1400 654">
     <span class='ocr_line' id='line_1_6' title="bbox 134 489 1234 539; baseline 0.003 -13"><span class='ocrx_word' id='word_1_29' title='bbox 134 489 307 534; x_wconf 86' lang='lat' dir='ltr'>Accessi,</span> <span class='ocrx_word' id='word_1_30' title='bbox 340 489 585 539; x_wconf 85' lang='lat' dir='ltr'>viridemque</span> <span class='ocrx_word' id='word_1_31' title='bbox 613 490 664 527; x_wconf 85' lang='lat' dir='ltr'>ab</span> <span class='ocrx_word' id='word_1_32' title='bbox 695 491 818 528; x_wconf 87' lang='lat' dir='ltr'>humo</span> <span class='ocrx_word' id='word_1_33' title='bbox 848 492 1068 529; x_wconf 86' lang='lat' dir='ltr'>convellere</span> <span class='ocrx_word' id='word_1_34' title='bbox 1099 493 1234 529; x_wconf 79' lang='lat' dir='ltr'>silvam</span> 
     </span>
     <span class='ocr_line' id='line_1_7' title="bbox 133 551 1400 602; baseline 0.002 -12"><span class='ocrx_word' id='word_1_35' title='bbox 133 559 308 597; x_wconf 89' lang='lat' dir='ltr'>conatus,</span> <span class='ocrx_word' id='word_1_36' title='bbox 341 551 457 588; x_wconf 83' lang='lat' dir='ltr'>ramis</span> <span class='ocrx_word' id='word_1_37' title='bbox 487 558 658 602; x_wconf 87' lang='lat' dir='ltr'>tegerem</span> <span class='ocrx_word' id='word_1_38' title='bbox 691 561 731 591; x_wconf 93' lang='lat' dir='ltr'>ut</span> <span class='ocrx_word' id='word_1_39' title='bbox 762 553 1037 592; x_wconf 81' lang='lat' dir='ltr'>frondentibus</span> <span class='ocrx_word' id='word_1_40' title='bbox 1068 567 1163 601; x_wconf 78' lang='lat' dir='ltr'>aras,</span> <span class='ocrx_word' id='word_1_41' title='bbox 1365 571 1400 602; x_wconf 74' lang='lat'>25</span> 
     </span>
     <span class='ocr_line' id='line_1_8' title="bbox 133 613 1195 654; baseline 0.003 -4"><span class='ocrx_word' id='word_1_42' title='bbox 133 613 372 651; x_wconf 85' lang='lat' dir='ltr'>horrendum</span> <span class='ocrx_word' id='word_1_43' title='bbox 403 621 440 651; x_wconf 90' lang='lat' dir='ltr'>et</span> <span class='ocrx_word' id='word_1_44' title='bbox 471 614 578 652; x_wconf 86' lang='lat' dir='ltr'>dictu</span> <span class='ocrx_word' id='word_1_45' title='bbox 609 615 725 653; x_wconf 87' lang='lat' dir='ltr'>video</span> <span class='ocrx_word' id='word_1_46' title='bbox 756 615 932 654; x_wconf 83' lang='lat' dir='ltr'>mirabile</span> <span class='ocrx_word' id='word_1_47' title='bbox 963 624 1195 654; x_wconf 82' lang='lat' dir='ltr'>monstrum.</span> 
     </span>
    </p>

    <p class='ocr_par' dir='ltr' id='par_1_6' title="bbox 134 679 1166 730">
     <span class='ocr_line' id='line_1_9' title="bbox 134 679 1166 730; baseline 0.002 -13"><span class='ocrx_word' id='word_1_48' title='bbox 134 679 237 717; x_wconf 85' lang='lat' dir='ltr'>Nam</span> <span class='ocrx_word' id='word_1_49' title='bbox 268 690 370 727; x_wconf 85' lang='lat' dir='ltr'>quae</span> <span class='ocrx_word' id='word_1_50' title='bbox 401 679 524 728; x_wconf 86' lang='lat' dir='ltr'>prima</span> <span class='ocrx_word' id='word_1_51' title='bbox 555 681 640 717; x_wconf 91' lang='lat' dir='ltr'>solo</span> <span class='ocrx_word' id='word_1_52' title='bbox 670 682 791 730; x_wconf 78' lang='lat' dir='ltr'>ruptis</span> <span class='ocrx_word' id='word_1_53' title='bbox 822 681 1020 719; x_wconf 74' lang='lat' dir='ltr'>radicibus</span> <span class='ocrx_word' id='word_1_54' title='bbox 1050 681 1166 719; x_wconf 78' lang='lat' dir='ltr'>arbos</span> 
     </span>
    </p>

    <p class='ocr_par' dir='ltr' id='par_1_7' title="bbox 133 740 1147 793">
     <span class='ocr_line' id='line_1_10' title="bbox 133 740 1147 793; baseline 0.003 -15"><span class='ocrx_word' id='word_1_55' title='bbox 133 740 295 786; x_wconf 91' lang='lat' dir='ltr'>vellitur,</span> <span class='ocrx_word' id='word_1_56' title='bbox 328 741 419 777; x_wconf 81' lang='lat' dir='ltr'>huic</span> <span class='ocrx_word' id='word_1_57' title='bbox 449 748 532 779; x_wconf 90' lang='lat' dir='ltr'>atro</span> <span class='ocrx_word' id='word_1_58' title='bbox 563 742 765 792; x_wconf 87' lang='lat' dir='ltr'>liquuntur</span> <span class='ocrx_word' id='word_1_59' title='bbox 795 744 985 793; x_wconf 81' lang='lat' dir='ltr'>sanguine</span> <span class='ocrx_word' id='word_1_60' title='bbox 1015 750 1147 793; x_wconf 81' lang='lat' dir='ltr'>guttae</span> 
     </span>
    </p>
   </div>
   <div class='ocr_carea' id='block_1_3' title="bbox 507 856 1022 1421">
    <p class='ocr_par' dir='ltr' id='par_1_8' title="bbox 507 856 1022 1421">
     <span class='ocr_line' id='line_1_11' title="bbox 507 856 1022 1421; baseline 0 1183"><span class='ocrx_word' id='word_1_61' title='bbox 507 856 1022 1421; x_wconf 95' lang='lat' dir='ltr'> </span> 
     </span>
    </p>
   </div>
   <div class='ocr_carea' id='block_1_4' title="bbox 287 1451 1245 1487">
    <p class='ocr_par' dir='ltr' id='par_1_9' title="bbox 287 1451 1245 1487">
     <span class='ocr_line' id='line_1_12' title="bbox 287 1451 1245 1487; baseline -0.003 -6"><span class='ocrx_word' id='word_1_62' title='bbox 287 1453 362 1480; x_wconf 79' lang='lat' dir='ltr'>coin</span> <span class='ocrx_word' id='word_1_63' title='bbox 381 1453 413 1480; x_wconf 86' lang='lat' dir='ltr'>of</span> <span class='ocrx_word' id='word_1_64' title='bbox 429 1453 519 1480; x_wconf 83' lang='lat' dir='ltr'>Caius</span> <span class='ocrx_word' id='word_1_65' title='bbox 540 1452 687 1485; x_wconf 75' lang='lat' dir='ltr'>Fonteius,</span> <span class='ocrx_word' id='word_1_66' title='bbox 706 1459 741 1485; x_wconf 83' lang='lat'>95</span> <span class='ocrx_word' id='word_1_67' title='bbox 762 1458 829 1485; x_wconf 78' lang='lat' dir='ltr'>B.c.,</span> <span class='ocrx_word' id='word_1_68' title='bbox 850 1451 981 1486; x_wconf 82' lang='lat' dir='ltr'>showing</span> <span class='ocrx_word' id='word_1_69' title='bbox 1002 1451 1119 1478; x_wconf 88' lang='lat' dir='ltr'>Roman</span> <span class='ocrx_word' id='word_1_70' title='bbox 1138 1451 1245 1487; x_wconf 81' lang='lat' dir='ltr'>galley.</span> 
     </span>
    </p>
   </div>
   <div class='ocr_carea' id='block_1_5' title="bbox 122 1553 1396 2350">
    <p class='ocr_par' dir='ltr' id='par_1_10' title="bbox 128 1553 1396 1717">
     <span class='ocr_line' id='line_1_13' title="bbox 128 1553 1221 1601; baseline -0.002 -9"><span class='ocrx_word' id='word_1_71' title='bbox 128 1561 166 1593; x_wconf 93' lang='lat' dir='ltr'>et</span> <span class='ocrx_word' id='word_1_72' title='bbox 196 1561 336 1592; x_wconf 86' lang='lat' dir='ltr'>terram</span> <span class='ocrx_word' id='word_1_73' title='bbox 368 1553 461 1592; x_wconf 88' lang='lat' dir='ltr'>tabo</span> <span class='ocrx_word' id='word_1_74' title='bbox 493 1554 700 1591; x_wconf 86' lang='lat' dir='ltr'>maculant.</span> <span class='ocrx_word' id='word_1_75' title='bbox 761 1553 862 1590; x_wconf 86' lang='lat' dir='ltr'>Mihi</span> <span class='ocrx_word' id='word_1_76' title='bbox 894 1553 1055 1601; x_wconf 83' lang='lat' dir='ltr'>frigidus</span> <span class='ocrx_word' id='word_1_77' title='bbox 1085 1553 1221 1591; x_wconf 88' lang='lat' dir='ltr'>horror</span> 
     </span>
     <span class='ocr_line' id='line_1_14' title="bbox 129 1616 1396 1666; baseline 0 -12"><span class='ocrx_word' id='word_1_78' title='bbox 129 1616 304 1655; x_wconf 87' lang='lat' dir='ltr'>membra</span> <span class='ocrx_word' id='word_1_79' title='bbox 334 1617 470 1666; x_wconf 85' lang='lat' dir='ltr'>quatit,</span> <span class='ocrx_word' id='word_1_80' title='bbox 502 1617 736 1666; x_wconf 86' lang='lat' dir='ltr'>gelidusque</span> <span class='ocrx_word' id='word_1_81' title='bbox 766 1617 845 1653; x_wconf 91' lang='lat' dir='ltr'>coit</span> <span class='ocrx_word' id='word_1_82' title='bbox 875 1616 1085 1654; x_wconf 87' lang='lat' dir='ltr'>formidine</span> <span class='ocrx_word' id='word_1_83' title='bbox 1114 1617 1282 1665; x_wconf 85' lang='lat' dir='ltr'>sanguis.</span> <span class='ocrx_word' id='word_1_84' title='bbox 1357 1631 1396 1661; x_wconf 79' lang='lat'>30</span> 
     </span>
     <span class='ocr_line' id='line_1_15' title="bbox 128 1675 1127 1717; baseline -0.001 -1"><span class='ocrx_word' id='word_1_85' title='bbox 128 1679 279 1717; x_wconf 85' lang='lat' dir='ltr'>Rursus</span> <span class='ocrx_word' id='word_1_86' title='bbox 309 1685 347 1716; x_wconf 91' lang='lat' dir='ltr'>et</span> <span class='ocrx_word' id='word_1_87' title='bbox 377 1679 533 1716; x_wconf 84' lang='lat' dir='ltr'>alterius</span> <span class='ocrx_word' id='word_1_88' title='bbox 565 1679 713 1716; x_wconf 88' lang='lat' dir='ltr'>lentum</span> <span class='ocrx_word' id='word_1_89' title='bbox 747 1675 967 1716; x_wconf 77' lang='lat' dir='ltr'>convellere</span> <span class='ocrx_word' id='word_1_90' title='bbox 997 1679 1127 1716; x_wconf 79' lang='lat' dir='ltr'>vimen</span> 
     </span>
    </p>

    <p class='ocr_par' dir='ltr' id='par_1_11' title="bbox 127 1741 1176 1791">
     <span class='ocr_line' id='line_1_16' title="bbox 127 1741 1176 1791; baseline 0.001 -13"><span class='ocrx_word' id='word_1_91' title='bbox 127 1741 312 1791; x_wconf 89' lang='lat' dir='ltr'>insequor</span> <span class='ocrx_word' id='word_1_92' title='bbox 340 1749 377 1779; x_wconf 91' lang='lat' dir='ltr'>et</span> <span class='ocrx_word' id='word_1_93' title='bbox 407 1753 544 1779; x_wconf 86' lang='lat' dir='ltr'>causas</span> <span class='ocrx_word' id='word_1_94' title='bbox 576 1742 732 1790; x_wconf 84' lang='lat' dir='ltr'>penitus</span> <span class='ocrx_word' id='word_1_95' title='bbox 763 1748 955 1790; x_wconf 86' lang='lat' dir='ltr'>temptare</span> <span class='ocrx_word' id='word_1_96' title='bbox 985 1741 1176 1788; x_wconf 87' lang='lat' dir='ltr'>latentes;</span> 
     </span>
    </p>

    <p class='ocr_par' dir='ltr' id='par_1_12' title="bbox 125 1804 1121 1853">
     <span class='ocr_line' id='line_1_17' title="bbox 125 1804 1121 1853; baseline -0.001 -12"><span class='ocrx_word' id='word_1_97' title='bbox 125 1809 208 1841; x_wconf 85' lang='lat' dir='ltr'>ater</span> <span class='ocrx_word' id='word_1_98' title='bbox 236 1810 274 1841; x_wconf 92' lang='lat' dir='ltr'>et</span> <span class='ocrx_word' id='word_1_99' title='bbox 303 1804 460 1842; x_wconf 88' lang='lat' dir='ltr'>alterius</span> <span class='ocrx_word' id='word_1_100' title='bbox 491 1804 668 1853; x_wconf 90' lang='lat' dir='ltr'>sequitur</span> <span class='ocrx_word' id='word_1_101' title='bbox 697 1804 748 1842; x_wconf 89' lang='lat' dir='ltr'>de</span> <span class='ocrx_word' id='word_1_102' title='bbox 778 1804 923 1842; x_wconf 88' lang='lat' dir='ltr'>cortice</span> <span class='ocrx_word' id='word_1_103' title='bbox 954 1804 1121 1853; x_wconf 85' lang='lat' dir='ltr'>sanguis.</span> 
     </span>
    </p>

    <p class='ocr_par' dir='ltr' id='par_1_13' title="bbox 125 1865 1392 2039">
     <span class='ocr_line' id='line_1_18' title="bbox 128 1865 1292 1914; baseline 0.001 -12"><span class='ocrx_word' id='word_1_104' title='bbox 128 1865 254 1903; x_wconf 83' lang='lat' dir='ltr'>Multa</span> <span class='ocrx_word' id='word_1_105' title='bbox 285 1878 448 1903; x_wconf 82' lang='lat' dir='ltr'>movens</span> <span class='ocrx_word' id='word_1_106' title='bbox 477 1866 611 1903; x_wconf 85' lang='lat' dir='ltr'>animo</span> <span class='ocrx_word' id='word_1_107' title='bbox 643 1866 848 1914; x_wconf 85' lang='lat' dir='ltr'>Nymphas</span> <span class='ocrx_word' id='word_1_108' title='bbox 880 1865 1093 1903; x_wconf 86' lang='lat' dir='ltr'>venerabar</span> <span class='ocrx_word' id='word_1_109' title='bbox 1121 1873 1292 1914; x_wconf 82' lang='lat' dir='ltr'>agrestes</span> 
     </span>
     <span class='ocr_line' id='line_1_19' title="bbox 125 1927 1392 1977; baseline 0.001 -13"><span class='ocrx_word' id='word_1_110' title='bbox 125 1927 422 1976; x_wconf 84' lang='lat' dir='ltr'>Gradivumque</span> <span class='ocrx_word' id='word_1_111' title='bbox 453 1935 612 1976; x_wconf 84' lang='lat' dir='ltr'>patrem,</span> <span class='ocrx_word' id='word_1_112' title='bbox 647 1928 796 1965; x_wconf 86' lang='lat' dir='ltr'>Geticis</span> <span class='ocrx_word' id='word_1_113' title='bbox 827 1929 893 1977; x_wconf 94' lang='lat' dir='ltr'>qui</span> <span class='ocrx_word' id='word_1_114' title='bbox 926 1927 1120 1976; x_wconf 83' lang='lat' dir='ltr'>praesidet</span> <span class='ocrx_word' id='word_1_115' title='bbox 1151 1928 1260 1974; x_wconf 75' lang='lat' dir='ltr'>arvis,</span> <span class='ocrx_word' id='word_1_116' title='bbox 1352 1944 1392 1976; x_wconf 75' lang='lat'>35</span> 
     </span>
     <span class='ocr_line' id='line_1_20' title="bbox 125 1990 1064 2039; baseline 0.001 -13"><span class='ocrx_word' id='word_1_117' title='bbox 125 1990 195 2028; x_wconf 90' lang='lat' dir='ltr'>rite</span> <span class='ocrx_word' id='word_1_118' title='bbox 225 1990 486 2028; x_wconf 84' lang='lat' dir='ltr'>secundarent</span> <span class='ocrx_word' id='word_1_119' title='bbox 518 1990 622 2027; x_wconf 90' lang='lat' dir='ltr'>visus</span> <span class='ocrx_word' id='word_1_120' title='bbox 652 2002 851 2039; x_wconf 87' lang='lat' dir='ltr'>omenque</span> <span class='ocrx_word' id='word_1_121' title='bbox 881 1990 1064 2028; x_wconf 84' lang='lat' dir='ltr'>levarent.</span> 
     </span>
    </p>

    <p class='ocr_par' dir='ltr' id='par_1_14' title="bbox 124 2052 1075 2102">
     <span class='ocr_line' id='line_1_21' title="bbox 124 2052 1075 2102; baseline -0.001 -12"><span class='ocrx_word' id='word_1_122' title='bbox 124 2053 256 2090; x_wconf 85' lang='lat' dir='ltr'>Tertia</span> <span class='ocrx_word' id='word_1_123' title='bbox 286 2052 357 2090; x_wconf 91' lang='lat' dir='ltr'>sed</span> <span class='ocrx_word' id='word_1_124' title='bbox 387 2059 596 2102; x_wconf 83' lang='lat' dir='ltr'>postquam</span> <span class='ocrx_word' id='word_1_125' title='bbox 628 2052 775 2089; x_wconf 84' lang='lat' dir='ltr'>maiore</span> <span class='ocrx_word' id='word_1_126' title='bbox 806 2052 958 2089; x_wconf 84' lang='lat' dir='ltr'>hastilia</span> <span class='ocrx_word' id='word_1_127' title='bbox 990 2052 1075 2089; x_wconf 87' lang='lat' dir='ltr'>nisu</span> 
     </span>
    </p>

    <p class='ocr_par' dir='ltr' id='par_1_15' title="bbox 123 2113 1240 2163">
     <span class='ocr_line' id='line_1_22' title="bbox 123 2113 1240 2163; baseline 0 -11"><span class='ocrx_word' id='word_1_128' title='bbox 123 2114 330 2163; x_wconf 86' lang='lat' dir='ltr'>adgredior</span> <span class='ocrx_word' id='word_1_129' title='bbox 357 2113 604 2163; x_wconf 84' lang='lat' dir='ltr'>genibusque</span> <span class='ocrx_word' id='word_1_130' title='bbox 632 2114 818 2151; x_wconf 80' lang='lat' dir='ltr'>adversae</span> <span class='ocrx_word' id='word_1_131' title='bbox 849 2113 1030 2152; x_wconf 90' lang='lat' dir='ltr'>obluctor</span> <span class='ocrx_word' id='word_1_132' title='bbox 1061 2114 1240 2157; x_wconf 79' lang='lat' dir='ltr'>harenae,</span> 
     </span>
    </p>

    <p class='ocr_par' dir='ltr' id='par_1_16' title="bbox 122 2176 1390 2350">
     <span class='ocr_line' id='line_1_23' title="bbox 124 2176 1228 2226; baseline 0 -12"><span class='ocrx_word' id='word_1_133' title='bbox 124 2198 155 2202; x_wconf 92' lang='lat'>-·</span> <span class='ocrx_word' id='word_1_134' title='bbox 177 2177 338 2226; x_wconf 86' lang='lat' dir='ltr'>eloquar</span> <span class='ocrx_word' id='word_1_135' title='bbox 366 2189 416 2214; x_wconf 87' lang='lat' dir='ltr'>an</span> <span class='ocrx_word' id='word_1_136' title='bbox 446 2177 655 2214; x_wconf 32' lang='lat' dir='ltr'>sileam&amp;</span> <span class='ocrx_word' id='word_1_137' title='bbox 669 2177 838 2226; x_wconf 84' lang='lat' dir='ltr'>gemitus</span> <span class='ocrx_word' id='word_1_138' title='bbox 869 2176 1117 2214; x_wconf 84' lang='lat' dir='ltr'>lacrimabilis</span> <span class='ocrx_word' id='word_1_139' title='bbox 1148 2177 1228 2214; x_wconf 84' lang='lat' dir='ltr'>imo</span> 
     </span>
     <span class='ocr_line' id='line_1_24' title="bbox 122 2238 1390 2285; baseline 0.001 -10"><span class='ocrx_word' id='word_1_140' title='bbox 122 2239 278 2276; x_wconf 89' lang='lat' dir='ltr'>auditur</span> <span class='ocrx_word' id='word_1_141' title='bbox 307 2239 470 2278; x_wconf 75' lang='lat' dir='ltr'>tumulo,</span> <span class='ocrx_word' id='word_1_142' title='bbox 502 2246 540 2276; x_wconf 91' lang='lat' dir='ltr'>et</span> <span class='ocrx_word' id='word_1_143' title='bbox 570 2251 644 2276; x_wconf 86' lang='lat' dir='ltr'>vox</span> <span class='ocrx_word' id='word_1_144' title='bbox 674 2238 825 2276; x_wconf 87' lang='lat' dir='ltr'>reddita</span> <span class='ocrx_word' id='word_1_145' title='bbox 855 2239 974 2276; x_wconf 84' lang='lat' dir='ltr'>fertur</span> <span class='ocrx_word' id='word_1_146' title='bbox 1002 2239 1052 2276; x_wconf 84' lang='lat' dir='ltr'>ad</span> <span class='ocrx_word' id='word_1_147' title='bbox 1082 2251 1217 2276; x_wconf 85' lang='lat' dir='ltr'>aures:</span> <span class='ocrx_word' id='word_1_148' title='bbox 1348 2255 1390 2285; x_wconf 84' lang='lat'>40</span> 
     </span>
     <span class='ocr_line' id='line_1_25' title="bbox 126 2300 1347 2350; baseline 0 -13"><span class='ocrx_word' id='word_1_149' title='bbox 126 2300 270 2350; x_wconf 86' lang='lat' dir='ltr'>“Quid</span> <span class='ocrx_word' id='word_1_150' title='bbox 300 2301 497 2348; x_wconf 86' lang='lat' dir='ltr'>miserum,</span> <span class='ocrx_word' id='word_1_151' title='bbox 530 2302 678 2346; x_wconf 77' lang='lat' dir='ltr'>Aenea,</span> <span class='ocrx_word' id='word_1_152' title='bbox 711 2301 885 2339; x_wconf 81' lang='lat' dir='ltr'>laceras?</span> <span class='ocrx_word' id='word_1_153' title='bbox 927 2302 1003 2339; x_wconf 85' lang='lat' dir='ltr'>iam</span> <span class='ocrx_word' id='word_1_154' title='bbox 1034 2313 1149 2350; x_wconf 85' lang='lat' dir='ltr'>parce</span> <span class='ocrx_word' id='word_1_155' title='bbox 1179 2302 1347 2350; x_wconf 79' lang='lat' dir='ltr'>sepulto,</span> 
     </span>
    </p>
   </div>
  </div>
 </body>
</html>
