1635 2604
633 173 758 202 BOOK
797 173 860 203 111.
1341 177 1386 215 13

117 273 310 312 obscenas
340 273 464 323 pelagi
496 274 596 312 ferro
626 273 784 312 foedare
814 273 1003 311 volucres.
1324 290 1379 320 ³4¹

118 336 196 375 Sed
228 349 356 386 neque
385 337 463 374 vim
495 336 638 386 plumis
668 336 785 373 ullam
820 349 892 374 nec
923 336 1082 373 vulnera
1114 342 1222 385 tergo

117 398 325 447 accipiunt,
358 399 553 448 celerique
584 399 673 448 fuga
703 398 777 435 sub
808 398 935 436 sidera
966 398 1097 446 lapsae

118 472 309 498 semesam
341 461 525 509 praedam
556 468 593 498 et
623 461 784 509 vestigia
814 460 927 497 foeda
960 460 1195 508 relinquunt.

119 523 212 561 Una
242 523 279 559 in
310 523 507 572 praecelsa
536 523 717 561 consedit
748 535 843 572 rupe
874 523 1062 568 Celaeno,
1325 539 1384 569 245

118 584 249 622 infelix
278 592 397 631 vates,
430 585 654 634 rumpitque
686 585 787 622 hanc
817 593 974 634 pectore
1005 597 1168 622 xocem:

121 650 142 666 “
161 647 313 686 Bellum
344 648 461 686 etiam
492 660 563 696 pro
593 648 715 686 caede
746 647 867 685 boum
901 648 1110 696 stratisque
1141 647 1326 693 iuvencis,

120 710 494 756 Ila01nedontiadae,
528 709 730 747 bellumne
762 710 901 748 inferre
932 710 1074 759 paratis

117 779 154 810 et
184 773 308 821 patrio
341 772 535 822 Harpyias
568 773 742 811 insontes
773 773 916 822 pellere
947 773 1096 822 regno?

118 835 296 884 Accipite
327 848 418 884 ergo
448 835 590 872 animis
621 841 740 884 atque
771 835 868 873 haec
899 847 986 872 mea
1017 835 1122 884 figite
1151 835 1268 881 dicta,
1325 851 1386 883 250

116 909 218 946 quae
240 897 405 935 Phoebo
429 899 542 935 Pater
562 897 827 946 omnipotens,
850 897 945 934 mihi
970 897 1155 935 Phoebus
1176 898 1322 946 Apollo

118 960 317 1008 praedixit,
350 960 462 997 vobis
495 960 697 997 Furiarum
729 973 801 1009 ego
832 960 1003 997 maxima
1033 960 1177 1009 pando.

119 1022 271 1060 Italiam
302 1035 418 1060 cursu
449 1023 590 1071 petitis,
623 1023 829 1072 ventisque
858 1023 1006 1060 vocatis

117 1084 222 1122 ibitis
254 1085 407 1122 Italiam
439 1091 654 1134 portusque
685 1085 825 1122 intrare
855 1083 1015 1132 licebit3

117 1147 186 1185 sed
217 1160 297 1184 non
327 1154 418 1185 ante
448 1147 581 1184 datam
612 1147 775 1196 cingetis
805 1146 1016 1184 moenibus
1046 1146 1195 1194 urbem,
1324 1164 1381 1195 255

116 1222 234 1259 quam
265 1222 334 1247 vos
365 1210 448 1248 dira
478 1210 601 1247 fames
632 1216 867 1258 nostraeque
898 1209 1035 1246 iniuria
1065 1210 1197 1247 caedis

115 1271 297 1309 ambesas
329 1271 482 1321 subigat
513 1272 624 1309 malis
655 1271 863 1309 absumere
894 1272 1086 1309 mensas.'’

119 1335 235 1381 Dixit,
267 1342 305 1373 et
336 1335 374 1372 in
406 1335 541 1372 silvam
573 1334 713 1383 pennis
742 1334 873 1371 ablata
903 1335 1051 1383 refugit.

116 1398 168 1435 At
198 1397 315 1435 sociis
345 1396 473 1435 subita
503 1397 655 1447 gelidus
688 1397 896 1435 formidine
926 1398 1083 1446 sanguis

116 1459 310 1509 deriguit:
352 1460 530 1497 cecidere
559 1460 692 1505 animi,
725 1472 799 1496 nec
830 1460 906 1496 iam
937 1460 1104 1509 amplius
1134 1460 1251 1497 armis
1323 1467 1383 1498 260

115 1522 186 1560 sed
216 1522 315 1559 votis
345 1521 607 1571 precibusque
638 1521 776 1559 iubent
806 1534 1016 1571 exposcere
1046 1535 1196 1571 pacem,

116 1585 196 1622 sive
226 1585 325 1622 deae
355 1597 423 1622 seu
454 1584 531 1622 sint
562 1584 669 1622 dirae
699 1583 976 1634 obscenaeque
1006 1585 1195 1622 volucres.

117 1647 168 1684 Et
197 1654 306 1696 pater
335 1647 530 1684 Anchises
561 1647 684 1695 passis
714 1646 764 1684 de
795 1647 906 1684 litore
937 1647 1076 1696 palmis

116 1709 279 1746 numina
310 1721 451 1758 magna
480 1716 594 1747 vocat
624 1708 864 1758 meritosque
895 1709 1032 1747 indicit
1064 1711 1261 1748 honores:

118 1771 205 1808 “Di
235 1771 441 1821 prohibete
471 1771 623 1818 minas3
652 1771 692 1809 di
723 1772 841 1809 talem
871 1773 1033 1810 avertite
1064 1785 1198 1810 casum
1321 1779 1381 1821 265

115 1840 153 1871 et
182 1834 324 1883 placidi
355 1842 504 1872 servate
534 1833 654 1883 pios.⁷'
710 1834 815 1871 Tum
846 1834 958 1872 litore
988 1834 1122 1872 funem

115 1896 291 1945 deripere
321 1909 585 1946 excussosque
616 1896 723 1934 iubet
754 1897 880 1934 laxare
912 1898 1109 1935 rudentes.

115 1959 305 1997 Tendunt
334 1959 419 1997 vela
450 1959 570 2005 Noti3
600 1959 758 1996 ferimur
788 1959 1065 2008 spumantibus
1095 1961 1222 2007 undis,

115 2033 192 2071 qua
221 2034 377 2059 cursum
410 2029 627 2070 ventusque
656 2021 974 2070 gubernatorque
1004 2022 1180 2060 vocabat.

116 2084 200 2121 Iam
232 2085 364 2122 medio
394 2085 556 2133 adparet
588 2084 707 2122 fluctu
739 2096 947 2122 nemorosa
978 2085 1200 2134 Zacynthos
1320 2102 1381 2134 270

116 2147 426 2196 Dulichiumque
456 2148 651 2196 Sameque
680 2154 718 2184 et
750 2147 906 2184 Neritos
935 2147 1055 2185 ardua
1085 2148 1194 2185 saxis.

115 2209 334 2259 Effugimus
364 2210 548 2258 scopulos
580 2210 750 2255 Ithacae,
785 2209 937 2246 Laertia
967 2222 1096 2258 regna,

114 2277 153 2309 et
182 2278 320 2309 terram
351 2272 524 2309 altricem
557 2272 660 2309 saevi
691 2284 936 2309 exsecramur
966 2272 1084 2310 Ulixi.

116 2335 212 2372 Mox
242 2341 280 2372 et
313 2336 506 2373 Leucatae
538 2333 721 2372 nimbosa
751 2335 957 2372 cacumina
985 2336 1131 2373 montis
