1635 2604
207 170 253 197 12
617 156 822 201 viRGIL’s
858 172 1047 202 AENEID.

204 269 404 318 Harpyiae
435 275 473 308 et
504 271 655 320 magnis
686 272 868 320 quatiunt
899 271 1147 321 clangoribus
1176 272 1268 319 alas,

201 330 472 382 diripiuntque
501 333 624 382 dapes
654 341 921 384 contactuque
952 336 1085 373 omnia
1116 336 1278 373 foedant

200 392 424 442 inmund03
469 402 552 432 tum
584 409 659 433 vox
690 403 856 434 taetrum
887 397 971 435 dira
1002 398 1102 435 inter
1131 398 1307 436 odorem.

200 455 375 493 Rursum
407 457 445 493 in
477 470 635 495 secessu
666 459 784 508 longo
816 458 889 497 sub
920 473 1016 508 rupe
1047 467 1183 499 cavata

199 517 405 556 arboribus
435 519 568 557 clausa
598 520 745 557 circum
775 528 894 570 atque
925 522 1176 560 horrentibus
1207 521 1357 561 umbris
1411 538 1473 570 230

200 579 428 619 instruimus
459 594 616 620 mensas
645 583 800 632 arisque
832 585 1059 633 reponimus
1090 585 1247 634 ignem:

1100 805 1103 810 ι
1116 792 1127 814 l

775 977 781 983 ,
827 955 839 979 (a
1034 974 1043 980 >1

800 853 828 915 &A

871 913 913 952 sla

725 1007 741 1011 s,
750 971 783 1016 Ξ
802 947 842 1000 llss·
855 970 857 972 ·

360 1739 472 1774 Harpy.
510 1738 599 1765 From
619 1737 667 1765 the
688 1737 791 1773 Harpy
809 1737 905 1764 Tornb
925 1738 952 1764 in
973 1738 1020 1764 the
1041 1738 1145 1766 Eritis-11
1167 1740 1309 1768 Museum.

193 1851 345 1877 rursum
377 1852 423 1877 ex
453 1840 608 1877 diverso
638 1839 735 1877 caeli
766 1839 974 1888 caecisque
1005 1838 1162 1877 latebris

193 1901 306 1940 turba
336 1915 482 1940 sonans
513 1902 699 1952 praedam
731 1901 900 1951 pedibus
931 1902 1186 1939 circumvolat
1217 1903 1339 1949 uncis,

193 1965 332 2013 polluit
361 1978 428 2003 ore
459 1965 580 2014 dapes
654 1965 778 2003 Sociis
809 1971 902 2001 tunc
932 1977 1038 2001 arma
1069 1972 1274 2013 capessant

192 2027 318 2074 edico,
351 2034 389 2065 et
419 2028 501 2065 dira
533 2028 680 2065 bellum
712 2040 801 2064 cum
832 2034 948 2075 gente
980 2027 1209 2076 gerendum.
1402 2044 1462 2076 ²35

196 2089 318 2127 Haud
348 2102 461 2128 secus
491 2103 536 2128 ac
568 2091 660 2127 iussi
692 2090 850 2136 faciunt,
884 2095 1090 2138 tectosque
1120 2102 1188 2138 per
1218 2089 1380 2128 herbam

192 2152 409 2200 disponunt
441 2166 554 2191 enses
586 2160 623 2191 et
653 2159 764 2190 scuta
794 2152 955 2189 latentia
985 2152 1176 2189 condunt.

193 2215 297 2264 Ergo
328 2214 394 2253 ubi
426 2216 611 2264 delapsae
642 2215 814 2252 sonitum
846 2227 914 2263 per
943 2226 1060 2252 curva
1090 2215 1236 2252 dedere

192 2276 312 2323 litora,
347 2278 414 2315 dat
445 2278 600 2327 signum
631 2277 792 2326 specula
824 2277 1003 2314 Misenus
1033 2276 1084 2314 ab
1114 2278 1191 2314 alta

190 2351 280 2378 aere
310 2353 418 2378 cavo.
480 2340 680 2378 Invadunt
711 2340 804 2378 socii
837 2346 874 2377 et
906 2352 1007 2377 nova
1036 2340 1184 2389 proelia
1215 2346 1421 2390 temptant,
